1801 3306
300 168 302 174 k
321 133 372 174 Dum.
383 133 411 171 iv
421 133 508 171 advent
530 140 536 158 ·'
760 134 786 178 35]

46 252 130 313 vdicitur,
148 255 170 298 in
184 253 255 311 ,aliquo
270 256 301 298 est
310 251 402 311 Spiritus
417 253 509 309 Sanetus,
526 251 555 297 ibi
567 267 604 309 per
618 251 701 298 verbum
712 252 786 297 *adesse

50 325 173 381 intelligitur.
193 324 337 380 hcorporeus
357 326 457 381 siesses,
477 322 531 368 nuda
552 326 572 366 et
594 324 713 380 incorporea
731 321 787 365 Deus

51 395 89 439 tibi
100 395 194 440 r,desiisset
208 395 266 453 dona,
285 394 320 439 secl
337 397 430 451 qnoniam
444 396 511 440 anima
524 383 600 438 inserta
614 399 643 438 est
657 394 743 452 corpori,
758 393 787 436 in·

51 466 165 524 telligibilia
174 466 259 525 praebet
267 465 306 510 tibi
316 467 337 511 in
346 467 479 524 sensibilibus,
488 468 509 510 in
519 464 588 510 Verbo
598 466 675 509 seilicet
687 470 706 510 et
716 464 788 511 Sacra<

51 540 130 582 mentis.
164 537 297 582 Sacramenta
321 539 373 580 eninr
394 538 480 581 visibilia
503 538 561 592 signa
582 537 685 579 invisibilis
704 538 786 593 gratiae.

53 607 129 653 Beatus
144 610 205 666 igitur
219 608 254 665 qui
268 621 328 664 super
342 607 421 654 Christo
434 622 474 653 non
486 607 638 653 scandalizatur.

236 886 238 889 ψ
302 857 363 902 bom.
376 857 409 903 11
423 856 545 904 Adventus.

341 940 500 997 Baptismus.

107 1032 200 1075 Naaman
218 1031 280 1090 Syrus
299 1032 412 1089 tingebatur
430 1034 451 1075 in
464 1032 555 1076 iordane
574 1031 651 1089 septies.
679 1030 753 1075 Nonne
767 1035 790 1076 ut

55 1103 122 1148 omnia
136 1104 212 1161 scripta
224 1108 269 1147 sunt
283 1104 309 1148 ad
323 1104 434 1164 doctrinam
448 1107 469 1147 et
482 1104 641 1147 consolationem
650 1108 747 1159 nostram,
761 1104 791 1147 ita

55 1189 134 1232 quoque
148 1189 241 1232 praesens
255 1179 338 1220 sanatae
356 1176 425 1232 leprae
443 1174 568 1219 miraculum.
597 1174 694 1219 Joruams
715 1173 790 1218 ablutio

55 1246 155 1303 Baptismi
163 1246 266 1291 lavacrum
280 1250 315 1302 est,
330 1248 377 1302 quia
390 1250 445 1290 trans
456 1246 471 1290 J
472 1246 568 1290 ordanem
579 1247 618 1290 boc
628 1246 697 1290 salutis
707 1250 790 1290 nostrae

56 1321 204 1362 sacramentum
222 1318 314 1375 primitus
333 1317 501 1362 administratum.
529 1319 596 1361 Autor
613 1317 668 1361 illius
682 1316 790 1361 ablutionis

56 1393 100 1432 erat
111 1389 202 1432 Elisaeus
216 1389 329 1446 Propheta:
347 1389 382 1431 sed
395 1389 441 1445 plus
456 1403 517 1445 quam
530 1388 623 1432 Elisaeus
638 1392 670 1432 est
682 1389 721 1432 boc
734 1388 789 1433 loco:

55 1460 144 1505 Joannes
159 1460 212 1503 enirn
225 1461 302 1516 primus
315 1459 374 1503 buius
385 1459 514 1504 [ieremoniae
524 1459 674 1503 administrator
682 1460 791 1516 praecessit

56 1530 159 1576 Christum
177 1531 198 1574 in
215 1530 288 1587 spiritu
307 1533 327 1574 et
346 1532 418 1574 virtute
436 1530 501 1575 Eliae.
529 1530 574 1574 11110
591 1530 718 1587 purgabatur
735 1530 792 1587 lepra

56 1602 175 1660 corporalis,
187 1602 219 1645 hie
228 1615 274 1646 vero
284 1601 400 1658 spiritualis,
409 1601 504 1647 videlicet
512 1605 618 1657 peccatum
627 1605 723 1656 nostrum,
734 1602 791 1655 euius

56 1685 111 1716 mors
130 1676 161 1715 est
178 1672 297 1728 baptismus,
315 1675 339 1715 ut
353 1671 394 1715 alia
406 1676 502 1728 sequatur
515 1671 614 1729 nativitas,
634 1686 687 1729 quae
699 1675 792 1716 manente

56 1745 146 1800 corporis
161 1743 387 1800 compaginelrominem
399 1743 480 1787 innovet
489 1746 562 1788 mente.
590 1737 793 1800 Baptismuspeocati

57 1814 155 1858 diluvium
173 1819 208 1858 est.
236 1813 343 1858 Discanrus
360 1816 422 1870 igitur
441 1817 555 1859 reverenter
574 1813 662 1871 cogitare
682 1817 702 1858 et
720 1828 793 1870 magna
860 1827 862 1832 ’

57 1886 130 1944 sentire
149 1885 174 1929 de
188 1884 294 1941 Baptismo
312 1889 386 1940 nostro,
406 1887 454 1941 quia
471 1900 540 1929 revera
555 1885 610 1928 Deus
628 1899 701 1940 magna
718 1886 739 1928 in
757 1885 792 1928 illo

57 1956 115 1999 nobis
136 1955 220 1999 confert.
252 1954 331 2011 Septies
351 1955 393 1998 illio
414 1955 530 2010 tingebatur
548 1956 645 2017 leprosus,
667 1953 724 1998 nobis
746 1967 793 2017 vero

59 2025 132 2070 sufficit
150 2027 219 2070 unicus
233 2025 350 2082 Baptismus
368 2026 390 2070 in
407 2040 467 2082 aqua,
487 2026 535 2082 quia
553 2018 632 2083 saepius
650 2024 754 2070 iterandus
772 2026 794 2069 in

59 2098 143 2154 Spiritu,
164 2099 211 2154 qnia
225 2098 339 2154 Baptismus
354 2101 385 2141 est
398 2098 502 2141 Ecclesiae
524 2099 591 2153 ianua,
611 2097 633 2140 in
653 2112 714 2154 quam
735 2096 795 2141 simul

58 2170 143 2214 intrasse
154 2168 233 2214 sufficit.
257 2168 374 2226 Baptismus
384 2172 415 2213 est
422 2168 581 2226 regenerationis
590 2169 700 2213 lavacrum.
724 2164 794 2225 Signa-v

59 2241 134 2283 culum>
144 2241 233 2283 institiae
241 2240 353 2283 Abraham
371 2241 433 2283 semel
450 2241 540 2296 suscepit
552 2241 574 2282 in
590 2254 684 2296 corpore,
697 2241 796 2283 iustitiam

58 2325 95 2367 per
115 2314 182 2355 totum
195 2312 248 2355 vitae
269 2324 349 2355 cursum
370 2310 458 2354 exercuit
475 2310 495 2354 in
513 2313 589 2354 monte:
610 2310 715 2355 lavacrum
734 2310 796 2368 igitur

60 2373 132 2436 aquae
148 2382 210 2425 semel
232 2372 357 2439 suscipiatur,
383 2381 507 2438 regeneratio
525 2381 590 2425 lavari
609 2386 735 2426 sacramento
761 2381 795 2426 ob·

60 2453 140 2508 signata
152 2456 173 2496 et
183 2453 258 2497 donata
267 2456 325 2508 grata
336 2452 475 2496 recordatione
486 2454 567 2509 saepius
576 2453 666 2497 iteretur.
711 2508 713 2510 v

113 2523 215 2577 Naamani
223 2528 280 2568 entra
289 2524 392 2569 Ecclesiae
402 2523 506 2580 pomoeria
519 2527 567 2568 nato
580 2524 649 2581 leprae
661 2524 738 2568 sanatio
751 2538 796 2568 con·

60 2594 168 2650 ferebatur,
182 2608 219 2638 nec
233 2599 300 2638 tamen
321 2595 426 2651 quisquam
440 2593 532 2638 Judaeus
550 2595 589 2639 hoc
608 2594 704 2639 beneficio
723 2594 796 2651 legitur

61 2660 154 2723 affectus,
174 2667 218 2724 pari
234 2668 313 2711 omnino
328 2666 405 2712 ratione
419 2666 502 2711 miseros
517 2666 608 2711 ethnicos
622 2666 693 2725 procrrl
706 2682 718 2711 a
732 2665 797 2723 gloria

60 2738 143 2781 israelis
160 2738 257 2780 distantes
272 2739 311 2780 hoe
325 2752 381 2781 sacro
396 2739 475 2780 lavacro
488 2742 508 2780 et
524 2732 561 2781 sua
577 2739 643 2793 gratia
660 2738 751 2794 dignatus
766 2742 798 2782 est

61 2807 160 2854 Christos.
189 2806 296 2854 [laetorum
305 2808 392 2853 loannes
406 2812 499 2865 testatur,
519 2823 541 2853 se
555 2825 609 2867 aqua
618 2809 726 2866 baptizare,
739 2808 797 2854 (ibri-

61 2883 115 2925 stum
129 2896 177 2925 vero
191 2882 211 2926 in
226 2880 303 2938 Spiritu
313 2880 387 2925 Sancto
395 2883 415 2924 et
424 2880 472 2936 igni.
501 2880 591 2926 Ministri
601 2880 705 2926 Ecclesiae
719 2878 797 2935 traca

681 2952 701 2986 3ss
