1801 3306
353 168 404 210 Dum.
415 168 445 208 1112
453 179 470 213 p.
481 166 577 209 Trinitatis.
808 170 834 217 33

99 289 125 335 sit
138 255 248 345 repentina
262 285 317 343 qnod
330 285 381 330 hora
390 283 462 328 iudicii
474 284 500 341 sit
509 285 695 343 districtarutique
704 285 767 342 igitur
777 285 836 342 digna

27 399 29 403 Α
99 358 209 416 requiritur
222 357 358 416 praeparatio
382 355 452 401 Adest
465 355 552 413 primum
564 356 743 412 vigilantiacordis
753 356 837 414 seilicet,

100 430 154 478 serati
171 445 262 475 somnum
283 429 371 485 cupiant,
391 442 426 472 cor
444 431 513 472 autem
531 427 600 483 vigilet
617 428 644 470 ad
659 429 732 498 Deum.
761 427 838 483 Vigilat

100 501 160 545 homo
178 501 263 545 interior
283 503 303 543 et
319 498 391 542 alacris
411 497 436 541 sit
450 496 478 541 ad
490 497 572 554 bonum,
590 512 655 554 neque
670 499 805 544 obdormiscat
816 498 838 542 iu

101 573 188 629 peccatis
204 576 224 616 et
237 571 312 616 delitiis
321 570 380 613 huius
389 569 467 613 mnndi.¹
493 568 608 612 Praesentis
617 571 712 626 temporis
721 571 751 614 ita
760 569 839 627 agenda

102 649 133 688 est
146 643 229 700 laetitia,
247 656 273 686 ne
288 634 401 686 amaritudo
422 641 527 699 sequentis
543 640 613 685 iudicii
623 641 705 686 recedat
715 657 728 686 a
740 643 838 687 memoria

31 758 32 763 ,
101 714 214 771 Vigilemus
230 715 252 758 in
270 713 316 769 fide,
335 727 371 757 nec
389 727 458 757 secure
477 713 589 768 stertamus,
609 712 645 757 sed
663 728 707 758 cum
726 714 798 758 timore
817 717 839 757 et

102 790 193 830 tremore
210 795 316 842 operemur
337 783 422 828 salutem
439 787 535 828 nostram.
563 782 596 827 De
614 785 702 839 peccatis
725 784 839 840 praeteritis

102 857 200 902 habemus
219 854 274 911 quod
288 854 398 911 doleamus,
417 853 442 897 de
462 853 531 898 futuro
549 853 640 897 ridemus
658 854 715 899 nobis
734 868 839 911 superesse

48 931 49 934 ’
103 927 158 985 quod
176 928 293 972 timeamus:
317 930 377 982 atque
395 926 434 970 hac
452 927 531 970 ratione
550 938 628 982 semper
646 926 719 969 melior
736 926 840 982 uigilantia

95 1012 180 1046 «somno.
203 997 314 1054 Vigiiemus
324 996 351 1041 ad
359 1011 429 1054 preces
438 990 574 1040 indesinenter
582 996 701 1041 fundendas
728 995 779 1042 Ideo
788 996 841 1042 adsit

33 1060 34 1063 ¹
102 1069 191 1114 seeundo
208 1069 254 1113 loco
270 1069 291 1112 in
309 1068 403 1125 precibus
417 1069 572 1123 perseverantia.
600 1066 776 1123 Quemadmodum
787 1068 842 1112 hosti

104 1154 173 1189 murus
195 1139 302 1198 opponitur
320 1146 341 1184 et
354 1138 469 1184 adversario
484 1153 509 1183 er
523 1137 608 1184 adverso
627 1138 707 1185 uenient
723 1139 841 1196 occurritur,

34 1206 36 1219 ‘
104 1213 135 1257 ita
153 1212 193 1256 Dei
212 1212 244 1256 ira
261 1214 378 1256 sanctorum
395 1210 489 1268 precibus
507 1210 612 1266 frangitur.
643 1210 729 1256 Oramus
748 1211 811 1267 igitur
829 1225 842 1254 a

103 1284 219 1340 praeteritis
238 1281 326 1339 pereatis
346 1272 431 1339 reniam,
452 1296 464 1325 a
484 1281 626 1339 praesentibus
644 1281 701 1327 malis
719 1280 809 1338 tutelam,
830 1296 843 1327 a

106 1355 181 1400 futuris
199 1354 294 1411 periculis
320 1354 425 1398 cautelam.
453 1352 539 1398 Oremus
558 1352 625 1397 Patris
644 1353 774 1409 praesidium7
794 1353 843 1397 Filii

106 1426 245 1482 patrocinium,
260 1424 349 1479 Spiritus
358 1423 430 1471 Sancti
444 1420 543 1465 solatium.
566 1421 663 1465 Ceterum
671 1422 688 1465 si
697 1422 727 1466 vis
737 1421 843 1473 rotaread

107 1494 175 1539 Deum
192 1493 304 1538 orationem
324 1497 391 1550 tuam7
413 1491 494 1537 facilli
512 1492 562 1537 duas
583 1492 636 1538 atas:
656 1492 803 1552 eleemosynam
822 1497 844 1539 et

107 1567 213 1613 ieiunenm.
241 1564 342 1624 Orapuiae
361 1565 413 1609 enim
431 1564 496 1609 faetor
514 1575 596 1622 precum
608 1565 736 1622 flagrantiam
753 1566 842 1625 impedit,

37 1662 38 1666 =
107 1644 177 1684 venter
191 1641 272 1682 onustus
285 1637 386 1682 hesternis
400 1636 454 1680 uitiis
469 1637 559 1680 animum
573 1652 652 1693 qnoque
667 1642 844 1694 praegravatum,

36 1698 38 1718 ⁵
108 1712 169 1765 atque
189 1707 255 1765 affigit
273 1707 329 1750 humi
347 1707 425 1751 divinae
439 1707 560 1763 particulam
573 1721 641 1752 aurae.
669 1707 719 1752 Ideo
733 1708 845 1751 ieiunemus

109 1780 193 1837 sempe'r.
220 1779 345 1836 Perpetuam
360 1777 457 1821 ieiunium
475 1781 507 1822 est
525 1778 566 1822 cibi
582 1781 668 1835 potusve
686 1779 805 1836 moderatio,
823 1782 846 1823 ut

36 1890 39 1911 ,3
110 1851 199 1909 eorporis
215 1850 340 1905 corrigamus
354 1848 495 1904 valetudinem,
510 1863 551 1893 non
564 1853 588 1893 ut
601 1850 680 1894 animae
694 1854 846 1907 prosternamus

111 1923 210 1968 uirtutem.
238 1921 289 1966 Ideo
302 1920 364 1965 tertio
378 1920 423 1964 loon
432 1919 543 1976 requiritur
551 1918 698 1978 Temperantia.
726 1922 783 1966 Ante
793 1921 846 1967 enim

38 1997 40 2053 j
111 2009 172 2052 quam
184 1992 277 2038 adveniet
286 1991 390 2048 Dominus,
403 1991 493 2035 homines
506 1994 564 2035 erunt
578 1992 668 2036 carnales
681 1995 702 2036 et
710 1992 847 2037 aedificabunt

38 2069 42 2091 ³·
108 2065 194 2124 ,perinde
215 2079 240 2109 ac
258 2065 275 2108 si
294 2066 360 2107 essent
382 2062 516 2118 immortales,
538 2062 665 2108 obsonabunt
680 2067 778 2119 tanquam
791 2063 847 2108 brevi

111 2135 209 2180 morituri.
237 2134 295 2179 Sicut
307 2134 328 2177 in
342 2132 412 2178 diebus
424 2131 477 2190 Noe,
495 2133 525 2176 ita
539 2134 578 2177 erit
591 2133 689 2179 adrentus
703 2134 741 2178 nm
754 2134 847 2179 huminis.

39 2211 42 2256 ἓ
112 2207 231 2263 comedent,
249 2205 325 2262 bibent,
344 2204 425 2260 nubent,
444 2205 517 2261 nuptui
530 2204 613 2249 tradent
626 2210 646 2249 et
660 2205 761 2250 videbitur
774 2221 815 2263 par
828 2209 849 2251 et

109 2279 216 2323 securitas
244 2276 286 2322 Sed
304 2276 347 2321 dies
358 2275 441 2320 Domini
453 2275 518 2320 instar
532 2275 581 2320 uris
595 2290 629 2321 eos
643 2277 780 2334 apprehendet
794 2280 814 2321 et
827 2278 849 2321 in
877 2314 878 2317 ,

112 2353 188 2406 puncto
203 2347 323 2392 descendent
340 2347 367 2390 ad
384 2348 490 2390 infernum.
518 2346 551 2389 Tu
568 2348 649 2390 domine
663 2348 730 2391 {ihesu
743 2361 768 2391 ex
780 2361 849 2403 pecca·

40 2458 45 2481 ‚5
109 2423 181 2465 torum
195 2432 264 2463 somno
278 2432 314 2463 nos
328 2418 427 2461 excitatos
440 2419 461 2460 in
476 2416 515 2460 fide
530 2419 550 2470 et
562 2415 616 2461 bona
625 2418 745 2463 conscientia
753 2432 850 2463 conserva

110 2504 177 2547 usque
191 2489 217 2534 ad
229 2488 296 2534 finem.
323 2488 395 2533 Amen.

360 2739 424 2785 Dum.
438 2738 477 2784 ΙΠ
490 2737 612 2785 Adventus.
672 2749 673 2753 ¹

171 2845 248 2889 Beatus
267 2845 302 2901 qui
319 2858 360 2888 non
379 2843 524 2889 scandalizatus
543 2842 605 2888 fuerit
623 2859 682 2901 super
699 2859 738 2888 me.
770 2843 852 2899 Ergone

43 2951 46 2973 f
115 2902 204 2961 ¹Domine
229 2915 294 2961 Jhesu
319 2914 403 2961 offendit
425 2930 540 2973 quenquam
558 2919 595 2960 tua
615 2916 715 2974 persona?
740 2914 798 2960 Num
817 2917 853 2972 qui

43 2984 50 3008 ζ’
746 2986 757 3022 3
