1801 3306
326 158 377 196 Darne
384 156 463 205 XIXp.
472 154 573 197 Trinitatis)
744 167 746 170 ·
789 162 813 203 21

77 276 137 322 Haec
152 279 212 322 etiam
227 277 386 333 dcctrinaLegis
399 278 461 321 vitam
474 277 575 333 premittit
589 282 609 320 et
620 278 725 334 justitiam,
735 276 772 321 sed
781 277 815 322 cb·

78 349 187 393 edientiam
201 352 256 407 prius
270 349 356 406 requirit
370 364 410 392 nen
423 364 467 392 eam
481 349 641 404 qualemcunque
655 350 690 393 sed
703 349 815 407 perlectam

63 457 65 460 ,
79 423 98 464 et
117 421 208 465 omnibus
222 422 309 477 numeris
324 419 441 463 absolutam.
469 418 516 463 Nan
531 419 584 462 enim
598 420 704 478 auditores,
724 421 760 464 sed
773 420 815 464 iac-

78 491 131 535 tcres
141 491 202 548 Legis
212 491 377 536 iustificabuntur.
405 490 447 536 sed
461 493 514 535 enirn
528 494 619 534 cessante
627 491 740 536 conditione
751 496 822 536 cessat

78 564 185 620 promissio
200 563 345 620 conditionalis,
360 563 412 607 unde
427 564 488 606 etiarn
497 563 565 606 Mases
576 562 602 624 ad
612 562 730 619 promissam
739 568 822 607 terram:

79 632 173 693 Gerana,
197 650 249 692 quae
275 638 333 692 typus
358 639 401 678 erat
426 633 543 679 hereditatis
567 637 660 678 aeternae
681 634 821 679 israeliticum

78 706 223 764 pcpulumncn
230 705 348 751 adducebat.
368 705 815 751 ltaetiannumhcdielexldcsaicaneminem

80 778 150 835 solvat,
165 778 301 820 infirmitatem
310 776 401 821 Naturae
411 783 491 822 nestrae
505 792 546 821 ncn
559 778 617 833 tegit
632 777 667 820 sed
681 777 761 834 detegit,
776 789 825 820 ncn‘

77 848 128 903 quid
136 849 203 905 simus,
215 847 251 891 sed
259 847 307 903 quid
319 862 361 891 esse
369 847 492 892 debebamus
501 847 565 892 dccet.
580 847 744 905 blagisimperat,
756 861 817 903 quam

79 921 139 976 iuvat,
160 919 217 963 iubet
235 934 286 976 quae
304 935 344 964 ncn
362 934 474 977 pessumus,
494 923 517 963 ut
534 920 655 977 noverimus,
675 919 723 976 quid
742 935 754 964 a
771 920 816 964 Dec

79 995 149 1048 petere
168 991 280 1035 debeamus.
308 991 399 1048 Imperat
416 993 479 1047 igitur
495 992 528 1034 lex
546 995 570 1036 ut
587 993 682 1047 impetret
700 991 749 1034 fides
764 991 818 1046 quad

79 1062 201 1117 imperatum
220 1064 264 1105 erat
281 1075 317 1117 per
334 1062 404 1117 legem.
432 1060 553 1105 Maledictus
572 1062 636 1104 omnis
649 1062 684 1117 qni
697 1075 739 1103 nen
752 1058 818 1104 servat

81 1133 153 1190 omnia,
167 1147 219 1189 quae
233 1134 309 1191 scripta
322 1138 367 1177 simt
380 1134 401 1177 in
414 1133 466 1177 libre
477 1132 534 1190 legis.
563 1132 663 1190 Cogitatio
674 1137 743 1178 autem
752 1132 826 1178 cerdis

80 1205 163 1248 humani
179 1219 254 1262 pronus
274 1205 300 1249 ad
317 1205 393 1249 malum
410 1207 463 1249 omni
476 1210 585 1263 tempure„
601 1204 648 1249 Nan
662 1210 693 1248 est
707 1206 742 1260 qui
755 1203 826 1248 iaciat

80 1275 161 1331 benum,
175 1291 216 1320 ncn
230 1276 336 1333 estusque
351 1276 377 1320 ad
390 1291 458 1320 unum.
486 1276 519 1320 Ex
533 1275 627 1332 operibus
640 1276 701 1331 igitur
714 1276 763 1330 legis
777 1290 817 1318 ncn

81 1345 223 1389 iustificabitur
238 1347 300 1388 omnis
315 1360 361 1389 carc
376 1345 431 1403 apud
445 1345 517 1390 Deum.
528 1372 555 1378 -
565 1344 606 1391 Sed
615 1345 666 1390 baec
676 1348 734 1390 erant
742 1349 825 1402 vetera,-

82 1419 123 1460 iam
146 1430 193 1460 rere
217 1418 284 1461 emnia
307 1431 360 1461 ncta
383 1420 435 1461 sunt.
471 1415 604 1462 Ocncluserat
625 1416 681 1461 Deus
702 1431 759 1461 omne
781 1416 824 1461 sub

81 1492 192 1545 peccatum,
207 1492 228 1531 et
241 1493 295 1532 tetus
307 1488 392 1533 mundus
407 1503 453 1532 reus
468 1493 511 1533 erat
524 1504 593 1533 acram
606 1489 663 1543 De03
678 1489 713 1533 sed
725 1490 827 1532 misertus·

82 1560 171 1604 vicissim
189 1561 252 1604 nestri
270 1559 334 1603 lilium
351 1560 407 1603 misit
425 1559 462 1603 sub
481 1561 524 1617 lege
543 1559 620 1605 lactum
637 1563 661 1603 ut
680 1573 713 1604 eos
732 1559 818 1617 qmsub

82 1633 125 1686 lege
136 1636 192 1674 erant
201 1631 314 1674 redimeret.
342 1634 363 1674 A
377 1634 456 1674 saeculo
471 1633 610 1674 absconditum
625 1638 668 1674 erat
681 1632 731 1673 illud
747 1637 819 1688 myste-

82 1695 133 1746 rium
152 1701 211 1745 lilius
223 1704 259 1758 qui
277 1704 341 1746 estin
358 1703 485 1746 sacratas
502 1703 545 1759 ipse
561 1704 661 1746 enarravit
674 1702 737 1746 nobis.
767 1701 820 1758 Quia

82 1772 153 1831 primis
166 1773 281 1830 pauentibus
296 1777 317 1817 et
330 1773 504 1819 omnibusecrunr
517 1775 602 1832 posteris
613 1773 637 1818 de
650 1774 732 1818 humani
741 1775 820 1829 generis

82 1845 243 1888 reconciliatione
254 1846 392 1888 'concionatus
407 1851 442 1903 est,
461 1847 559 1903 interpres
575 1846 608 1889 ille
623 1846 701 1890 divinae
714 1845 820 1890 rcbmtatis

84 1921 104 1959 et
121 1916 188 1972 magni
207 1916 284 1960 consilii
303 1915 400 1973 Angelus.
428 1916 476 1974 lpse
494 1917 555 1973 igitur
574 1917 651 1961 divinae
670 1917 820 1960 misericordiae

83 1987 193 2043 penetralia
206 1987 263 2029 nabis
278 1987 357 2042 aperuit
366 1987 420 2043 quod
429 1987 523 2030 nimirum
533 2003 558 2030 ex
567 1987 658 2030 indebita
667 1988 733 2043 gratia
742 1987 820 2030 debitus

83 2072 158 2116 peenas
179 2060 280 2103 remittere
301 2059 354 2104 redit
383 2057 452 2105 Gratis
474 2058 522 2103 dare
542 2059 584 2102 vult
605 2059 653 2116 quia
674 2057 724 2102 nibil
743 2059 821 2102 invenit

83 2130 136 2174 unde
150 2145 186 2174 ncs
199 2131 263 2174 solvit.
291 2131 377 2187 Iamque
390 2131 435 2175 linis
449 2132 498 2186 legis
512 2130 604 2175 Christus
619 2131 646 2174 ad
658 2131 756 2174 iustitiam
768 2132 822 2174 omni

85 2201 179 2244 credenti.
207 2200 263 2244 Laus
283 2201 322 2245 tibi
336 2201 422 2245 Domine
436 2201 488 2245 Jesu
502 2204 536 2258 qui
550 2203 639 2259 aequalis
653 2204 707 2258 patri
720 2203 828 2258 particeps⁴

84 2270 149 2316 factus
164 2272 291 2316 mortalitatis
305 2276 392 2329 neutrae,
406 2286 447 2316 nnn
461 2273 486 2315 de
500 2287 535 2315 suc
551 2273 586 2316 sed
599 2273 624 2315 de
634 2276 710 2329 nestro,
724 2275 749 2315 ut
758 2277 778 2315 et
786 2287 822 2315 nos

85 2341 211 2387 efficeremur
223 2345 330 2401 participes
345 2343 453 2388 divinitatis
467 2349 514 2388 tuae
528 2358 568 2388 ncn
583 2344 607 2387 de
617 2349 685 2388 nostre
694 2344 772 2401 meritc,
787 2343 828 2387 sed

85 2419 121 2459 tua
134 2416 199 2470 gratia
214 2421 233 2459 et
247 2415 306 2461 dano.

281 2712 345 2759 bem.
359 2712 418 2759 XIX
430 2711 482 2770 past
496 2710 624 2759 Trinitatis.

94 2872 95 2875 ,
141 2830 195 2887 Quid
214 2830 293 2874 facilius
312 2831 389 2875 dicere:
409 2832 534 2875 dimittuntur
551 2830 588 2872 tibi
606 2836 690 2887 peccata
708 2846 733 2873 an
751 2831 823 2888 dicere,

87 2915 146 2958 surge
159 2906 179 2944 et
189 2899 285 2945 ambula?
306 2900 382 2958 Utique
392 2902 479 2947 Domine
488 2901 503 2945 J
504 2914 549 2944 esu:
562 2899 622 2956 Quod
632 2902 648 2945 si
658 2902 711 2945 enim
720 2904 824 2958 peccatum
