1801 3306
344 173 452 213 Dom.'XXI
462 188 479 223 p.
490 175 584 213 Trinitatis
810 177 835 220 25

99 310 146 340 vsans
159 312 216 341 suam
230 312 289 342 carne
304 302 324 341 et
337 297 432 352 sanguine
445 298 527 354 proprio
541 297 607 353 pascit
616 296 642 339 ad
651 298 713 340 uitam
728 299 844 340 aeternam.¹

101 365 147 412 lllic
160 384 206 413 vere
222 370 278 413 adest
287 371 363 427 specics
372 369 436 427 panis,
450 370 523 413 veritas
539 369 610 424 carnis,
622 369 683 410 uirtus
693 368 770 423 gratiae
781 367 847 422 spiri-=

102 441 166 482 trabs.
194 441 242 483 Hoc
259 445 322 496 pacto
335 438 425 482 Christus
444 452 528 495 sponsus
546 438 615 480 noster
626 435 722 480 'exhibuit
739 436 778 479 sibi
795 437 838 493 ipse

102 507 215 554 Ecclesiam
229 511 342 567 gloriosam,
358 516 447 553 sanctam
461 515 481 553 et
493 509 648 564 immaculatam,
662 512 684 551 ut
697 509 726 551 ita
739 521 797 551 soror
813 507 846 550 sit'
887 568 888 571 Ἰ

103 582 150 636 quia
164 596 188 625 ex
206 596 245 625 uno
260 586 328 638 patre,
348 594 421 637 sponsa
439 582 486 637 quia
499 581 520 623 in
539 593 578 623 uno
593 576 676 635 Spiritu.
704 578 764 622 Beati
777 579 846 634 igitur

103 653 137 708 qui
151 653 178 695 ad
192 666 276 696 coenam
289 652 403 708 nuptiarum
416 651 472 708 Agni
485 652 552 695 uocati
566 654 617 694 sunt.
645 648 704 693 Haec
722 649 784 693 verba
797 649 838 693 Dei

103 738 155 768 vera.

303 1019 368 1075 horn.
381 1026 440 1075 XXI
452 1031 505 1087 post
517 1029 635 1076 Vrintatis.
693 1065 695 1067 ψ

158 1148 184 1191 In
197 1149 282 1192 lectione
296 1148 335 1192 hac
348 1148 395 1192 fidei
409 1149 482 1203 gradus
495 1152 555 1204 atque
563 1149 686 1191 incrementa
692 1149 837 1204 proponrmtur,

105 1217 187 1275 inipso
203 1225 248 1263 ortu
265 1220 316 1263 nihil
334 1221 401 1263 statim
420 1221 486 1262 existit
499 1221 618 1274 niaximum
632 1220 719 1262 maxima
733 1220 780 1261 vcro
793 1216 841 1261 fidei

106 1290 197 1349 dignitas,
207 1296 230 1334 ut
239 1292 299 1335 etiarn
308 1292 361 1334 inter
371 1292 497 1347 singulariter
507 1291 605 1335 mirabilia
615 1295 635 1335 et
643 1290 761 1334 mirabiliter
775 1290 841 1345 singu-

105 1362 157 1406 laria
170 1367 329 1406 connumeretur.
342 1383 344 1386 >
357 1362 461 1406 llirabiles
481 1363 540 1406 etiarn
555 1367 575 1405 ct
589 1361 699 1418 stupendae
714 1363 755 1405 eius
770 1376 840 1418 opera-

106 1435 175 1478 tiones.
204 1432 258 1490 and
276 1434 337 1490 igitur
350 1433 400 1477 fides
415 1435 446 1491 sit,
466 1448 516 1490 quae
531 1435 573 1477 eius
586 1432 673 1490 Natura,
688 1434 746 1489 quire
760 1433 839 1490 gradus,

106 1506 157 1549 scire
171 1505 257 1561 expedit.
286 1504 448 1548 Fundamentum
457 1504 504 1548 fidei
519 1508 548 1548 est
557 1504 648 1549 Verbum
663 1510 683 1548 et
696 1504 746 1548 fides
759 1504 842 1560 respicit

106 1575 204 1631 Verbum,
223 1575 276 1618 unde
290 1576 392 1632 spirituale
407 1574 509 1630 quoddam
523 1576 586 1618 oritur
600 1575 713 1631 coniugium
718 1608 723 1632 ,
737 1588 775 1617 nec
792 1573 842 1616 tides

107 1647 150 1693 sine
163 1645 239 1703 Verbo,
251 1661 289 1689 nco
302 1645 393 1690 Verbum
408 1647 449 1690 siue
463 1645 502 1689 fide
517 1660 560 1689 csse
572 1645 637 1690 debet.
666 1644 710 1702 Quo
721 1660 779 1689 sensu
786 1650 842 1688 ‘recte

106 1716 156 1761 fides
172 1717 285 1773 copulativa
299 1717 377 1774 dicitur,
393 1718 466 1761 caritas
480 1718 585 1774 egressiva.
614 1715 674 1774 Quod
694 1719 711 1760 si
729 1718 843 1773 coniugium

108 1802 151 1848 esse
171 1787 240 1845 debet,
263 1790 371 1844 requiritur
395 1804 512 1832 consensus:
536 1804 642 1832 consensus
661 1805 704 1832 esse
718 1790 787 1845 nequit
801 1789 842 1831 sine

107 1860 184 1915 notitia,
198 1858 244 1903 idco
255 1859 374 1903 etiamfides
385 1874 409 1903 ex
418 1859 476 1904 verbi
483 1861 559 1903 notitia.
587 1859 666 1903 Notitia
680 1864 709 1902 est
718 1874 742 1902 ex
752 1860 849 1915 tertiora·

58 1928 59 1931 ’
108 1929 247 1986 meditatione,
268 1929 336 1973 diuina
353 1923 497 1987 inspirationej
512 1931 598 1974 maxime
613 1944 659 1974 vero
670 1930 781 1975 auditione.
809 1929 842 1973 In·

108 2001 187 2044 terdum
203 2002 263 2044 etiam
276 2001 373 2044 miracula
387 2001 447 2045 verbo
463 1999 532 2045 addita
545 2003 638 2045 introitus
648 2002 674 2045 ad
685 2000 752 2045 iidem.
780 2001 843 2044 Prae·
871 2009 878 2024 ’ἃ

109 2087 153 2115 sens
172 2073 225 2127 enirn
237 2071 326 2128 Regulus
341 2071 448 2117 Oananaeo
463 2078 527 2129 aquae
540 2074 561 2116 in
575 2062 648 2117 vinrrm
659 2087 728 2117 uersae
747 2073 843 2116 miraculo

108 2144 237 2200 interfueram
250 2145 347 2188 miraculo
357 2147 408 2189 istoc
416 2147 482 2201 prima
490 2145 538 2189 fidei
551 2146 658 2190 scintillula
671 2147 692 2188 in
702 2146 762 2189 corde
771 2145 845 2201 Reguli

109 2230 199 2274 accensa,
211 2230 272 2273 quaro
285 2217 421 2261 calamitatum
429 2217 519 2274 procella
528 2218 549 2260 in
557 2216 660 2261 flammam
668 2217 768 2274 quandam
780 2217 844 2260 conci-

109 2289 163 2330 tauit.
193 2286 248 2330 (trux
269 2289 322 2330 enim
339 2287 387 2330 fidei
406 2289 523 2331 exercitium
541 2292 572 2330 ost
586 2292 606 2330 et
620 2288 646 2331 ad
660 2286 763 2332 Christum
776 2302 845 2330 manu-

110 2356 170 2401 ducit.
198 2355 253 2401 Ecce
274 2357 382 2403 secundum
402 2358 450 2402 fidei
472 2359 562 2415 gradum.
592 2359 690 2403 Eiusdem
713 2360 773 2403 etiam
798 2358 850 2402 fidei·

110 2428 214 2486 beneficio,
233 2445 273 2486 qua
287 2430 314 2474 ad
327 2429 430 2474 Christum
444 2431 567 2474 accedimus:
583 2430 733 2474 auxiliumeius
751 2432 845 2487 implora·

110 2514 159 2545 mus.
187 2500 249 2545 Fides
268 2500 343 2545 orando
362 2502 463 2556 impetrat.
490 2500 545 2544 Ecce
564 2502 646 2544 tertium
666 2502 761 2556 gradums
784 2502 846 2544 Fides

111 2571 170 2614 etiarn
186 2575 300 2614 constanter
318 2572 378 2629 petit,
398 2576 512 2615 constanter
531 2572 620 2629 quaerit,
640 2577 755 2617 constanter
772 2574 845 2628 pulsat,

111 2642 166 2685 nouit
184 2655 250 2685 mores
272 2648 332 2699 atque
346 2658 413 2687 moras
430 2641 511 2685 Omisit.
539 2642 612 2698 Neque
627 2645 680 2687 enim
693 2644 790 2701 incepisse
811 2643 847 2687 sed

111 2711 229 2770 perfecisse,
249 2714 327 2757 virtutis
341 2719 376 2758 est.
404 2715 459 2758 Ecce
473 2719 566 2771 quartum
584 2714 675 2771 gradum.
703 2714 800 2759 Elevatur
814 2714 847 2758 dc·
871 2737 874 2742 ,

111 2800 165 2828 mum
173 2799 234 2842 supra
248 2799 317 2829 sensus
325 2791 345 2829 ct
358 2787 455 2830 rationem
469 2800 537 2830 omncs
550 2786 612 2831 uerbo
626 2788 695 2830 innixa
704 2787 747 2830 soli.
775 2785 847 2843 Neque

112 2855 222 2900 enimfides
230 2856 292 2899 habet
300 2859 400 2914 meritum,
414 2859 449 2901 ubi
454 2857 542 2901 humana
555 2860 607 2901 ratio
621 2864 712 2914 praestat
726 2859 848 2914 experimen·

111 2932 160 2971 tum.
189 2927 242 2984 and
257 2932 287 2971 cst
301 2932 335 2971 tua
349 2928 406 2987 fides,
420 2930 437 2972 si
451 2932 528 2972 tantum
543 2928 608 2973 credis
618 2945 669 2986 qliae
679 2927 749 2973 rides?
776 2928 848 2973 ludai-
