1827 3356
86 167 118 226 22
340 164 391 204 Dom.
402 164 448 204 XIX
455 179 475 212 .p.
486 165 584 203 Trinitatis

95 285 173 328 animae
193 283 285 342 morbus,
314 284 458 342 periculosiora
484 290 529 330 sunt
551 286 633 331 >animae
658 284 748 343 11111111,
770 299 836 341 quam,

95 356 185 412 corporis
194 354 254 399 mala.
283 354 328 411 Ego
339 355 396 400 deleo
405 358 521 412 iniquitates
530 362 575 402 tuas
585 356 632 400 dicit
643 355 748 400 Dominus.
776 356 831 412 Ergo

94 428 178 482 peecata
196 430 264 469 nostra
282 426 432 470 conscribuntur
447 428 565 471 incoelesti
579 429 640 471 curia.
668 426 745 470 Auerte
759 425 839 471 faciem,

95 500 151 540 tuam
166 511 178 539 a
196 498 285 553 peccatis
302 498 357 553 meis,
376 498 428 552 petit
440 497 551 554 Propheta.
578 499 634 554 Ergo
653 499 709 554 ponit
721 497 777 541 Deus
795 499 832 540 ini-

96 568 182 623 quitates
199 573 278 611 nostras
291 569 313 610 in
326 572 434 623 conspeetu
448 582 491 612 suo.
520 567 642 613 Convertere
656 568 682 612 ad
696 583 731 612 nos
745 568 832 612 Domine

95 637 176 695 Moyses
187 644 236 683 orat
264 638 319 694 Ergo
329 643 412 695 peccate
422 638 512 683 dimdunt
521 655 557 684 uos
568 656 580 685 1
589 641 639 685 Deo,
666 641 756 684 Peccata
765 646 833 684 nostra

95 710 240 766 responderunt
253 708 316 753 nobis.
344 708 400 764 Ergo
414 714 510 754 accusant
523 725 559 754 nos
570 726 639 756 eoram
647 711 745 756 tribunali
755 711 833 755 (1111111

54 780 55 785 ’
95 781 189 825 iustitiae.
218 780 340 839 Apeceatis
354 783 403 824 meis
417 781 544 825 mundame.
572 781 627 838 Ergo
641 788 747 840 pecccatum
759 783 834 839 turpis-

97 854 148 895 sima
168 852 253 896 foeditas
274 866 341 896 eoram
359 850 410 896 Deo.
443 850 505 908 Quod
524 854 541 896 si
560 867 629 898 omnes
647 855 734 898 iustitiae
752 858 833 898 nostrae

97 925 149 966 sicut
166 937 244 980 pannus
263 925 398 967 mensuratae
421 923 470 977 quid
487 923 528 965 iam
542 928 601 966 erunt
615 929 696 968 uestrae
709 922 834 968 iniustitiae?

98 992 121 1037 Si
134 993 183 1049 legis
198 1009 259 1050 opera
273 998 319 1036 sunt
331 994 379 1037 uilia
392 995 538 1050 reiectamenta
558 994 606 1050 quid
621 997 678 1038 eruut
692 999 758 1038 reatus
772 994 835 1038 nostri

99 1063 196 1109 crimina?
216 1064 335 1121 Quicunque
350 1066 463 1121 peccauerit
476 1064 530 1123 mihi,
546 1064 616 1109 delebo
629 1080 675 1109 eum
690 1066 714 1109 de
723 1065 774 1110 libro
784 1079 835 1122 mee,

99 1136 148 1180 dicit
162 1136 267 1181 Dominus,
295 1135 350 1192 Ergo
369 1141 451 1193 propter
467 1140 553 1193 peecata
568 1152 591 1180 ex
605 1139 658 1181 uitae
674 1137 725 1181 libro
741 1137 836 1181 delemur.

99 1206 132 1250 Ne
146 1208 240 1262 proretas
260 1221 291 1249 me
313 1205 396 1249 afaeie
414 1210 455 1263 tua,
476 1207 527 1263 petit
545 1206 621 1263 Regius
640 1205 748 1264 Propheta.
781 1206 836 1263 Ergo

99 1281 183 1334 propter
200 1283 286 1334 peccata
304 1282 372 1321 nostra
390 1292 403 1320 a
420 1277 465 1321 Deo
482 1278 603 1334 proiioimur.
632 1276 729 1335 Spiritum
744 1284 839 1322 1111111111

99 1353 156 1392 tuum
180 1363 205 1392 uo
232 1347 316 1392 11111111.
353 1347 409 1405 Ergo
435 1350 523 1405 peccatis
544 1364 569 1393 11
589 1349 664 1406 templo
686 1349 752 1393 cordis
773 1350 837 1393 nostri

101 1419 186 1476 Spiritus
205 1419 225 1464 Si
246 1421 333 1475 eiicitur;
360 1421 411 1463 sicut
432 1419 496 1468 fumo,
508 1434 556 1478 apes
578 1419 671 1476 fugantur
695 1425 715 1463 et
734 1419 837 1465 columbae

100 1491 183 1535 foetore.
211 1490 282 1535 Redde
291 1490 341 1534 mihi
349 1491 446 1535 laetitiam
460 1492 552 1535 salutaris
566 1491 602 1535 rut
629 1491 684 1547 Ergo
699 1496 783 1546 praecata
797 1493 839 1535 aut

101 1576 156 1604 mum
175 1568 249 1617 augunt
268 1567 328 1616 atque
347 1561 412 1604 cordis
432 1574 513 1603 succmn
532 1561 655 1604 exhauriunt.
683 1560 747 1604 Terra
764 1560 839 1605 iniecta

102 1636 132 1675 est
152 1630 178 1675 ab
199 1630 345 1676 habitatoribus
366 1634 406 1675 suis
427 1633 461 1688 qui
482 1633 600 1689 transgressi
622 1636 667 1676 suut
684 1631 755 1689 legem.
783 1631 838 1688 Ergo

102 1708 207 1761 peccatum
224 1704 361 1760 contagiosum
380 1708 399 1747 et
417 1717 521 1748 uenenum.
548 1703 581 1748 De
598 1702 701 1760 profundis
716 1704 800 1748 clamari
814 1703 842 1748 ad

102 1780 122 1817 te
134 1774 225 1818 Domine.
253 1775 308 1831 nugo
322 1776 410 1830 peccatis
426 1775 452 1818 ad
461 1775 561 1818 infernum
575 1775 709 1831 deprimimur.
739 1774 778 1831 Qui
788 1775 842 1818 enim

103 1850 174 1900 peccat
193 1850 262 1887 eontra
281 1846 428 1900 conscientiam,
449 1844 542 1888 aedificat
560 1844 677 1900 geliennam.
710 1843 751 1887 Per
767 1843 840 1887 lethale

103 1918 208 1971 peecatum
226 1914 285 1959 lromo
303 1915 376 1958 11111111
390 1914 462 1959 Deum.
490 1915 546 1958 Deus
561 1920 628 1959 autem
640 1914 840 1971 incomprehensibile

103 1985 183 2029 leonum.
211 1985 266 2041 Ergo
281 1986 348 2030 Deum
367 1986 457 2029 amittere
475 1985 676 2043 incomprehensibile
690 1985 765 2029 bonum
779 1990 799 2029 et
811 1986 841 2028 in-

103 2056 182 2100 linitum
199 2056 280 2101 malum.
308 2056 343 2099 An
361 2071 401 2099 non
414 2058 475 2113 igitur
490 2058 576 2100 maxime
595 2057 708 2113 periculosa
721 2061 766 2099 sunt
779 2058 842 2099 istaec

105 2128 183 2171 1111111
204 2128 291 2185 uulnera,
314 2127 362 2183 quiid
383 2132 453 2171 eontra
474 2128 562 2184 corporis
583 2126 663 2171 morbi?
684 2126 741 2170 More
755 2128 842 2171 omnium

105 2199 242 2241 calamitatium
256 2204 276 2241 et
286 2200 335 2255 ipsis
346 2200 379 2254 qui
387 2198 491 2254 perierunt
501 2203 520 2242 et
530 2197 674 2254 spectatoribus
684 2197 749 2255 utiles,
763 2198 842 2255 utrique

107 2270 160 2313 euim
168 2268 278 2312 redduntur
291 2267 390 2325 meliores,
400 2269 430 2311 illi
440 2269 514 2326 dolore,
523 2269 545 2312 bi
555 2269 650 2325 exemplo.
678 2267 751 2324 Sicque
761 2268 842 2312 morbus

107 2341 195 2398 corporis
209 2339 309 2385 medicina
323 2339 408 2384 efficitur
422 2340 536 2397 spiritualis.
559 2338 637 2397 Corpus
654 2339 777 2396 aegritudine
792 2338 844 2384 alili-v

107 2414 166 2470 gitur,
185 2413 252 2456 anima
269 2413 343 2470 pietate
363 2413 451 2469 erigitur,
480 2410 540 2468 Quod
559 2411 575 2456 si
593 2411 745 2469 periculosiores
765 2413 845 2456 animae

107 2489 169 2540 quarn
183 2483 272 2539 corporis
286 2483 357 2539 morbi,
378 2484 448 2539 utique
461 2482 541 2526 medela
559 2495 628 2526 eorum
647 2479 754 2525 difficilior.
778 2481 843 2525 Maius

107 2554 152 2598 Deo
172 2558 202 2596 est
221 2553 246 2612 (si
260 2553 308 2609 quid
326 2558 394 2596 tamen
407 2568 501 2609 magnum
515 2558 545 2597 est
559 2552 657 2612 llarimo)
677 2567 702 2596 eu
714 2554 775 2610 impio
789 2554 845 2610 pium

107 2624 181 2681 iacere,
196 2639 257 2681 quam
271 2624 349 2668 coelum]
363 2630 382 2667 et
396 2629 472 2668 terram
486 2638 561 2681 creare,
575 2623 604 2667 ibi
618 2624 670 2667 enim
682 2623 743 2668 habet
752 2625 844 2667 resisten-

107 2698 157 2741 tiam
176 2697 251 2740 scilieet
268 2698 390 2740 uoluntatem
408 2696 493 2740 1111111111
512 2710 605 2752 pravam:
624 2697 645 2739 in
663 2696 764 2739 creatione
779 2700 845 2739 autem

109 2768 158 2812 nihil
176 2769 269 2812 resistens
287 2767 363 2811 habuit.
392 2767 442 2811 Iuleo
466 2768 532 2823 potuit
550 2767 609 2810 tomo
629 2769 757 2822 persuasione
773 2767 845 2808 ueteris

111 2839 206 2895 serpentis
220 2839 328 2894 imaginem
341 2836 382 2881 Dei
396 2837 515 2894 deformare,
526 2852 566 2881 non
580 2839 720 2894 autempotuit
729 2835 845 2881 reformare.

110 2909 169 2953 Licet
182 2924 219 2967 per
234 2924 254 2954 se
268 2913 344 2966 peccet
358 2911 427 2953 tamen
439 2924 476 2966 per
491 2923 511 2952 se
527 2923 539 2951 a
552 2914 635 2965 peceato
646 2922 686 2951 non
695 2908 748 2951 ualet
758 2921 845 2964 surgere.
