1801 3306
343 140 446 191 IlomsXXv
452 159 469 193 p.
480 146 574 192 Trinitatis.
797 149 822 189 23

87 264 175 311 Proinde
193 266 245 311 solus
260 264 316 311 Deus
335 267 418 310 remittit
436 268 651 323 peccataauotoritate
665 267 753 324 propria.
782 264 825 309 Sed

89 342 158 380 contra
173 340 261 394 corporis
275 338 330 381 mala
343 338 394 380 uires
409 337 507 393 quasdam
519 335 580 380 rebus
595 338 669 380 creatis
679 337 762 390 indidit3
776 335 823 379 illae

88 411 155 451 tamen
171 409 227 466 ipsae
245 420 387 464 nonnunquam
403 407 527 466 plusquam
546 407 595 451 alias
611 407 677 451 valent
691 405 717 453 ob
730 405 824 452 Numinis

89 480 174 534 gratiam
184 484 203 522 et
216 480 316 523 inferioris
330 478 399 522 mundi
412 478 541 522 influentiam.
569 478 640 521 Prima
654 480 706 522 em'm
718 492 825 522 oarrsarum

89 548 145 593 Deus
160 555 195 608 est,
212 555 235 594 ut
248 551 291 607 ipse
305 554 381 593 motum
395 548 497 594 exorditur
510 550 539 594 ita
552 553 633 604 mouent
647 554 747 594 caeterae:
767 553 825 593 sanat

89 626 156 665 tamen
174 624 274 665 rarissime
290 623 341 664 citra
354 623 416 664 ullam
430 636 535 665 causarum
548 621 669 664 naturalium
683 621 824 666 admotiouem.

90 691 160 737 Omnis
174 693 235 737 nihilo
249 694 314 736 minus
329 693 404 737 curatio
418 694 479 737 etiam
488 707 524 749 per
533 691 633 736 naturalia
643 692 708 736 activa
717 697 737 736 et
745 694 825 749 passiva

91 764 117 808 ad
134 765 200 821 ipsum
213 770 309 820 tanquam
326 768 429 816 auctorem
442 763 554 820 referenda
574 765 609 819 qui
622 764 652 807 uti
665 762 766 807 Naturam
780 779 825 808 oon·

91 834 147 892 didit,
165 837 195 879 ita
209 835 280 878 eadem
297 836 364 878 utitur.
394 833 453 891 Quod
472 836 488 878 si
506 834 658 891 periculosiores
673 835 751 878 animae
766 849 840 890 quam.

92 905 181 962 corporis
199 904 270 962 morbi,
290 907 358 962 utique
377 905 457 949 medela
475 919 543 949 eorum
562 906 701 961 praestantior.
736 904 826 957 Benedic

92 989 139 1032 ergo
155 977 221 1019 anima
234 990 280 1019 mea
291 976 336 1020 Deo
351 977 385 1032 qni
398 977 519 1034 propitiatur
534 974 625 1019 omuibus
633 973 772 1032 iniquitatibus
781 975 825 1031 tuis,

91 1047 126 1103 qui
136 1051 193 1091 sanat
203 1061 269 1092 omnes
279 1046 403 1092 infirmitates
412 1053 496 1092 nostras.
521 1047 613 1093 Christus
624 1048 701 1091 animae
709 1050 729 1090 et
737 1047 827 1103 corporis

91 1118 182 1162 lllcdicus
196 1119 312 1163 benedictus
326 1121 347 1162 in
361 1121 433 1163 secula.

297 1414 361 1459 llom.
374 1413 420 1458 XX
432 1414 484 1471 post
498 1413 624 1459 Trinitatis.

149 1530 245 1575 Gandaris
265 1530 357 1588 gaudebo
376 1531 398 1573 in
410 1530 497 1574 Domino
517 1536 537 1573 et
554 1530 651 1575 exsultabit
669 1532 735 1575 anima
750 1545 796 1574 mea
808 1530 830 1573 in

94 1602 139 1646 Deo
154 1616 205 1659 meo,
221 1605 255 1659 qui
269 1603 333 1646 induit
347 1616 379 1646 mc
393 1603 515 1646 vestimentis
529 1602 597 1646 salutis
613 1606 632 1645 et
645 1600 761 1645 indumento
774 1601 830 1645 iusti-

94 1676 135 1719 tiac
159 1674 291 1718 circumdedit
313 1689 345 1718 me
368 1678 465 1731 tanquam
487 1687 580 1731 sponsam
603 1676 695 1718 ornatam
717 1673 830 1718 monilibus.

96 1745 191 1789 Gaudeat
203 1745 296 1789 Ecclesia
315 1748 335 1788 et
353 1746 429 1789 exultet
446 1749 529 1801 propter
546 1745 644 1788 honorem
663 1749 682 1788 et
699 1759 787 1788 amorem
801 1744 832 1787 sui

95 1816 168 1871 sponsi.
197 1815 270 1858 Honor
283 1815 335 1858 illius
351 1816 430 1857 omnino
445 1815 548 1872 maximus,
568 1815 615 1871 quia
628 1813 708 1858 Jehora
722 1817 757 1871 est,
774 1827 832 1857 verns

95 1886 151 1929 Deus
170 1885 287 1929 benedictus
305 1887 327 1929 in
345 1887 412 1929 secula
430 1886 482 1929 unde
502 1887 563 1928 etiam
581 1887 681 1941 speciosus
700 1885 765 1928 forma
783 1899 832 1940 prae

96 1956 141 2011 fihis
160 1956 268 2013 hominum,
288 1956 342 2012 quod
356 1955 380 2000 de
395 1956 467 2000 dilecto
482 1955 559 1999 animae
574 1970 646 2013 sponso
659 1955 763 2012 Propheta
776 1970 833 2012 prae-

97 2028 152 2072 dicat
168 2027 203 2084 qui
216 2027 237 2071 in
250 2027 315 2072 fornia
329 2027 414 2071 hominis
428 2028 495 2084 ipsum
509 2033 618 2084 aspexerat,
638 2027 693 2071 Deus
707 2028 728 2070 in
742 2027 832 2088 excelsis.

97 2099 173 2156 Utique
195 2099 302 2157 speciosus,
324 2098 371 2156 quia
389 2097 484 2142 ridebant
501 2098 586 2155 gloriam
604 2099 652 2155 eius,
673 2099 758 2154 gloriam
776 2099 834 2154 quasi

97 2170 195 2233 unigeniti
214 2183 226 2213 a
244 2173 307 2226 patre,
327 2168 445 2226 splendebat
458 2169 520 2213 iacies
535 2169 577 2213 eius
592 2170 644 2213 siout
657 2169 697 2226 sol,
716 2169 835 2212 uestimenta

67 2252 69 2254 ·
98 2247 155 2291 erant
174 2243 225 2284 sicut
238 2242 278 2299 nix,
297 2241 375 2297 inipso
389 2255 475 2297 namque
489 2229 594 2284 habitabat
608 2240 711 2297 plenitudo
726 2240 834 2284 oiumtats

99 2319 222 2370 σωματικῶς,
244 2312 376 2370 personaliter
394 2311 475 2370 scilicet,
497 2312 644 2356 et'secundum
662 2312 756 2356 unionem
773 2311 841 2369 hypo-1

99 2385 198 2429 staticam.
227 2384 286 2429 Unde
301 2385 363 2428 etiam
376 2384 397 2427 in
410 2383 455 2441 ipsa
473 2382 553 2428 Natura
570 2376 659 2428 humana
677 2383 794 2433 diuinitatis,
804 2398 835 2426 re-

99 2454 177 2509 iulgent
195 2453 257 2511 radii,
278 2467 325 2498 caro
344 2442 430 2510 namque
443 2452 465 2496 in
478 2452 582 2497 Deitatem
596 2458 665 2498 erecta
678 2453 699 2497 in
714 2453 836 2497 consortium
875 2495 877 2497 .

99 2527 182 2581 inquam
196 2525 332 2569 sanctissimae
341 2524 451 2568 [temtans.
480 2522 530 2581 Quis
540 2525 592 2568 hano
601 2524 695 2568 unionem
705 2524 836 2569 unitissimam

99 2597 131 2641 rel
145 2596 210 2641 uerbis
224 2596 256 2640 rel
270 2597 391 2654 cogitatione
406 2594 532 2652 assequitur?
547 2594 597 2653 Quis
610 2594 835 2654 (10000111000οὲξοχὰς,

100 2683 149 2726 quas
163 2668 184 2712 in
197 2669 269 2711 rmione
284 2673 304 2713 ct
318 2683 354 2725 per
367 2669 461 2712 umorem
475 2669 553 2725 accepit
571 2683 618 2714 caro
639 2658 709 2713 nostra
723 2674 743 2712 et
756 2659 836 2725 sanguis

100 2745 169 2783 noster
188 2740 214 2782 ad
233 2740 324 2782 dextram
338 2740 379 2783 Dei
397 2753 492 2794 regnans,
514 2739 561 2781 inde
582 2742 676 2783 nimirum
690 2741 753 2782 omnis
766 2741 788 2781 in
802 2754 836 2781 ore

102 2810 162 2854 decor
181 2810 273 2866 claraque
295 2811 316 2854 in
334 2811 378 2854 luce
397 2809 476 2854 refulsit
495 2823 517 2853 os
537 2810 671 2867 humerosque
689 2810 735 2854 Deo
757 2810 837 2865 similis;

101 2896 187 2938 namque
196 2882 239 2938 ipse
250 2880 344 2924 decoram
352 2880 466 2925 Caesariem
474 2886 522 2924 nato
532 2884 616 2939 genitor,
631 2883 736 2938 lumenque
745 2881 837 2927 iuventae
