1801 3306
414 186 465 222 Dona
476 186 486 221 I
497 187 544 222 Ans.
825 187 849 227 31

116 305 196 350 Ohristc
215 308 285 350 nostra
303 307 426 351 uestimenta.
454 303 517 348 Venit
535 303 601 348 adhuc
615 303 712 360 Christus,
732 303 801 347 visitat
814 316 851 347 ncs

118 376 183 420 adhuc
195 377 293 435 Christus,
307 377 343 421 sed
356 377 377 419 in
388 390 474 432 persona
487 376 591 433 pauperis:
606 375 774 431 quemadmodum
783 374 851 428 lingua

116 461 177 503 quam
199 463 258 493 nemo
278 449 348 505 tangit⁷
371 447 456 491 clamat:
478 447 545 491 calcas
566 460 609 490 me:
632 447 662 490 ita
678 446 769 492 Christus
792 447 853 501 caput

116 527 206 564 nestrum
221 534 280 576 quem
294 533 353 563 nemo
365 519 429 562 calcat
440 522 460 562 et
473 520 508 574 qui
523 533 564 561 nun
582 519 654 574 esurit,
667 518 724 561 dicit:
738 532 798 575 pasce
812 531 851 560 me.

116 590 267 636 Distribuamus
290 591 352 646 igitur
373 588 453 635 Christo
477 591 690 634 vestimentanustra.
725 589 779 645 Quid
798 588 853 631 bona

116 662 242 717 temporalia,
257 662 295 703 nisi
308 661 405 716 quaedam
417 658 552 704 vestimenta?
570 658 665 704 Vestibus
679 661 768 703 exuimur
782 673 852 702 somno

116 734 227 790 ingruente
246 731 303 775 bonis
317 732 419 788 privamur
432 734 496 776 morte
510 732 633 787 imminente7
647 730 724 774 scilicet
736 731 787 775 haec
800 730 854 774 bona

118 809 153 847 aut
175 802 287 848 virentibus
310 804 420 848 ainitteuda
443 808 479 849 aut
497 803 593 859 mortuis,
612 802 734 859 pussideuda
752 818 764 846 a
782 801 853 858 quibus

118 876 223 929 nescimus,
240 875 274 915 net
292 873 344 916 forte
358 888 370 916 a
384 874 456 929 quibus
469 874 567 923 nolumus.
595 872 723 915 Vestimenta
737 875 787 927 sunt,
807 872 854 928 quia

119 944 145 987 ad
162 948 230 1003 χρῆσιν
248 958 347 999 concessa,
365 960 405 989 nun
424 944 451 988 ad
464 948 535 1002 οοῆοοο.
564 942 624 987 Haec
637 944 698 998 igitur
711 943 854 986 distribuamus

120 1013 372 1072 etcfferamusegeutibus.
393 1014 466 1059 Manus
474 1015 569 1072 pauperis
576 1017 597 1058 et
605 1011 854 1071 gazophylaciumdhristi,

120 1086 215 1143 quicquid
233 1101 309 1144 pauper
327 1088 410 1144 accepit,
427 1086 520 1132 Christus
539 1089 635 1143 acceptat.
664 1085 698 1130 Da
712 1100 758 1142 crgo
772 1086 856 1142 pauperi

119 1160 201 1213 terram,
215 1163 238 1201 ut
252 1160 338 1216 accipias
353 1159 435 1213 caelum,
455 1158 481 1202 da
494 1172 602 1213 nummum,
623 1161 646 1201 ut
663 1158 748 1214 accipias
766 1170 856 1213 regnum,

121 1228 147 1273 tta
158 1231 241 1286 pauperi
255 1233 277 1273 ut
291 1230 325 1274 des
339 1229 385 1274 tibi:
402 1230 457 1286 quud
469 1230 554 1287 pauperi
568 1229 651 1286 dederis,
666 1234 689 1273 tu
699 1227 788 1285 habebis,
804 1228 857 1285 quod

120 1302 204 1357 pauperi
222 1315 262 1344 ncn
279 1300 363 1356 dederis,
382 1300 466 1344 habebit
486 1302 543 1343 aiter.
571 1301 650 1343 Deinde
666 1303 777 1342 sternamus
793 1300 857 1341 oiirae

121 1383 193 1413 rames.
216 1369 269 1424 qiud
280 1370 331 1413 aliua
341 1370 429 1425 denotat,
443 1365 482 1413 nisi
494 1384 566 1426 pacem
580 1372 601 1413 et
612 1366 754 1413 concordiam?
777 1367 857 1424 Agnos-

122 1454 189 1483 camus
199 1441 260 1497 igitur
270 1439 373 1484 Christum
388 1441 443 1497 pacis
458 1444 549 1484 autorem
557 1441 644 1496 unicum,
660 1455 672 1484 a
681 1439 732 1483 facie
743 1441 795 1484 enim
804 1438 857 1484 iliius

123 1512 162 1555 otei
173 1513 294 1569 computruit
301 1513 370 1568 iugum
378 1517 475 1556 nestrum.
503 1511 595 1557 christus
605 1515 708 1568 sequester
718 1511 757 1555 Dei
767 1515 787 1555 et
795 1511 858 1555 hnmi-

122 1597 170 1626 num
178 1597 202 1626 ex
210 1583 313 1639 utriusque
321 1584 384 1640 partis
392 1583 482 1640 deposito
490 1584 530 1627 sibi
539 1584 651 1640 commisso,
661 1584 726 1627 carnis
736 1598 815 1638 quoque
826 1582 859 1626 de·

123 1655 211 1708 positum
225 1655 321 1696 serratim
335 1656 447 1709 semetipso.
475 1653 622 1708 Persequamur
637 1657 657 1695 et
670 1666 707 1696 ncs
716 1665 793 1710 pacem,
808 1665 859 1708 quae

123 1722 168 1766 Dec
182 1723 283 1766 hominem
297 1726 317 1766 et
330 1723 405 1767 homini
415 1724 481 1767 Deum
496 1725 608 1779 proximum
622 1723 676 1767 facit
704 1723 765 1766 Beati
773 1737 860 1779 namque

124 1792 253 1852 εἰρηνοποιοί,
274 1792 310 1837 fini
330 1794 370 1838 Dei
390 1794 520 1839 vocabuntur.
547 1794 615 1838 Tertio
637 1794 761 1838 adducamus
782 1795 861 1838 asinum

125 1864 151 1908 ad
167 1863 274 1909 Christum.
302 1864 349 1910 Hoc
368 1865 510 1922 discipulorum
528 1865 581 1909 factu
600 1867 642 1909 uita
659 1869 729 1909 nostra
747 1866 860 1909 instruitur.

125 1935 201 1980 Asinus
216 1940 307 1980 estcarc
322 1940 423 1981 nostrast
437 1937 496 1981 humo
512 1938 604 1996 exterior,
619 1939 655 1994 qui
665 1937 731 1994 legum
745 1938 827 1981 uinculis
841 1940 861 1981 et

125 2022 235 2063 poenarum
253 2008 368 2051 verberibus
387 2008 414 2050 ad
427 2008 530 2051 Christum
550 2009 662 2065 cogendum
682 2022 756 2065 cerpus
770 2012 861 2051 nostrum

125 2075 246 2132 ιὖποοοιάζειν
255 2077 286 2121 fas
300 2082 340 2133 est3
350 2080 442 2133 quamuis
450 2080 502 2121 enim
509 2077 595 2135 Spiritus
603 2079 724 2134 quandoque
731 2079 756 2121 sit
762 2081 861 2135 promtus,

126 2153 194 2194 tamen
214 2163 259 2194 caru
277 2148 362 2194 infirma.
392 2148 431 2206 Qui
450 2163 532 2194 cannam
545 2165 602 2194 suam
615 2165 677 2207 supra
689 2149 772 2194 mudum
783 2148 862 2208 affligit,

128 2222 191 2277 ciuem
208 2221 290 2276 occidit3
310 2222 326 2264 si
340 2222 383 2277 pius
398 2235 459 2278 quam
476 2221 563 2279 expedit,
583 2221 682 2265 alimentis
696 2220 766 2278 reficit,
785 2221 863 2265 hostem

127 2292 196 2334 nutrit.
230 2290 263 2336 Sic
282 2306 328 2348 ergo
347 2292 455 2336 nutrienda
472 2296 495 2337 ut
513 2295 593 2350 serviat,
608 2294 637 2337 sic
655 2292 762 2349 domanda,
782 2295 864 2336 utnon

128 2364 235 2417 superbiat.
265 2362 343 2418 Quarto
362 2364 427 2405 scium
445 2377 554 2419 sequamur
570 2363 678 2407 Christum.
707 2362 761 2407 Ores
778 2376 864 2418 namque

127 2434 190 2489 ipsius
208 2434 294 2477 alienum
314 2448 354 2478 nan
374 2437 489 2486 agnoscunt.
525 2431 623 2490 Oenones,
645 2433 769 2489 traditiones,
788 2438 864 2490 patres,

129 2503 224 2560 concilia,
243 2505 385 2561 antiquitatem
403 2505 500 2561 tantisper
518 2518 636 2563 sequamur,
660 2505 708 2549 dum
722 2504 797 2550 curisti
817 2519 865 2549 rece

129 2576 247 2632 lequuntur3
263 2578 294 2619 siu
303 2580 378 2633 contra,
393 2580 436 2619 tum
449 2591 489 2619 nun
503 2576 600 2620 debemus
612 2577 721 2633 attendere,
736 2576 785 2634 quid
794 2577 865 2633 aliquis

131 2651 176 2691 ante
194 2660 231 2690 nos
250 2646 362 2691 faciendem
376 2649 456 2703 putarit,
476 2647 511 2701 sed
522 2648 571 2702 quid
584 2650 640 2703 prior
654 2649 754 2703 Christus·
771 2649 805 2705 qui
819 2651 865 2690 ante

131 2731 200 2762 omues
210 2721 245 2775 est,
255 2716 309 2761 fecit.
336 2716 422 2777 Ἀρχοῑον
431 2716 548 2761 ueteranus
557 2717 568 2761 ὃ
578 2719 663 2778 οοαορὸς
671 2724 764 2777 Χριστοῦ,
789 2716 864 2773 Quinto

131 2788 236 2834 offeramus
257 2788 296 2844 ipsi
320 2789 399 2846 palmas
419 2791 513 2843 uictoriae
534 2791 597 2846 signa.
625 2791 672 2847 Ipse
694 2805 780 2846 namque
801 2790 866 2833 caruis

131 2860 227 2917 trophaeo
242 2861 347 2918 accinctus,
363 2861 461 2918 captiuam
476 2861 531 2904 durit
544 2863 681 2917 captitiuatem
691 2865 752 2918 atquc
761 2861 799 2904 hoc
808 2865 867 2917 pacto

133 2933 192 2976 cessit
205 2932 289 2977 uictoria
305 2933 386 2986 uictrix3
396 2936 397 2939 ’
406 2933 459 2988 quud
480 2932 595 2989 symbolum
608 2935 629 2975 in
642 2934 753 2989 insignibus
768 2936 868 2976 ostentant
