1801 3306
235 147 236 150 η
294 123 346 159 Ferte
357 122 488 158 hncnmcisionis
499 122 567 161 lhesns.
776 127 801 168 37

65 231 104 309 000
113 242 219 287 hominem.
243 236 269 286 Tb
276 241 314 302 γὰρ
323 234 470 300 capiebantur,
481 239 624 299 absportata.
640 242 766 299 Augustinus
772 242 801 286 lo·

65 313 142 380 quitur:
163 313 223 379 Quod
242 329 282 358 non
300 316 410 357 assumtum
428 327 468 358 non
486 317 519 357 001·
533 317 631 360 sanatum.
660 315 734 360 Totum
747 317 801 358 10100
841 341 842 344 =

66 386 151 431 asnmsit
164 402 202 443 me,
216 390 271 431 totus
284 388 323 430 1011
336 386 410 442 unitus,
425 389 449 430 01
458 385 498 430 1011
509 385 595 430 salutem
606 386 719 443 largiretur⁴
748 385 802 444 Quid

39 452 40 456 ’
65 457 127 511 igitur
144 458 194 501 haec
211 457 311 500 mirabilis
325 456 410 500 rluarum
423 456 547 499 Naturarum
561 457 582 498 in
597 456 675 501 Christo
688 458 743 513 unio,
762 457 802 500 nisi

66 526 169 583 quaedam
177 524 292 572 medicina?
311 525 426 571 incarnatio
440 525 477 570 filii
491 531 523 570 001
535 520 639 583 generatio
654 526 802 572 medicamenti.

67 591 174 643 Caeterum
194 612 277 655 gravem
298 593 423 656 agnoscimus
444 598 544 653 morbum,
565 598 598 641 001
618 601 675 642 10010
695 600 801 656 apponitur

24 695 26 697 >
66 669 171 715 medicina.
206 669 321 726 Deplorata
343 685 375 714 res
398 673 447 726 erat,
472 669 511 714 nisi
533 670 627 713 maiestas
648 669 702 727 ipsa¹
715 670 755 715 Dei
775 671 801 715 ad

66 740 254 794 nosvdescenderel7
263 740 317 795 -quia
331 741 438 783 ascendere
452 728 544 783 nostrum
556 753 596 782 000
611 744 669 783 esset.
698 740 802 788 Offensum

68 815 111 856 erat
128 812 203 856 bonum
221 810 326 867 infinitum,
345 811 444 855 infinitum
462 811 525 867 igitur
542 810 685 867 requirebatur
700 811 801 870 10100010.

67 883 172 926 Amissum
191 886 234 926 erat
249 882 349 926 infinitum
364 883 445 939 bonum,
464 882 510 926 ideo
524 881 605 925 infinita
618 883 697 926 miseris
711 883 802 927 restabat

66 943 138 1010 poena.
170 953 211 997 Per
228 953 329 998 hominem
346 953 483 998 reconciliatio
500 953 543 996 fieri
562 949 654 1009 debebat,
676 954 723 1009 quia
741 955 802 998 homo

66 1028 197 1082 peccaverat3
215 1040 252 1082 per
269 1025 370 1069 hominem
388 1025 525 1069 reconciliatio
539 1024 584 1068 fieri
597 1039 638 1068 non
650 1029 736 1082 poterat,
756 1027 803 1082 0010

66 1086 128 1140 horno
141 1099 264 1151 peccaverat.
286 1096 368 1139 Peccati
376 1099 455 1139 reatum
465 1096 524 1139 homo
537 1095 607 1139 tollere
617 1095 709 1151 debebat,
724 1097 803 1151 peccati

67 1170 135 1211 reatus
153 1166 229 1210 nudum
247 1166 348 1210 hominem
366 1165 494 1223 impediebat,
514 1165 620 1222 quominus
634 1163 704 1210 tollere
712 1166 803 1222 poterat.

68 1237 109 1281 Per
122 1237 225 1294 Angelum
237 1238 375 1281 reconciliatio
398 1237 443 1281 fieri
465 1252 505 1281 non
528 1240 618 1294 poterat,
642 1238 690 1293 quia
710 1237 803 1294 Angelus

67 1313 162 1354 ereatura
181 1313 222 1364 est3
241 1309 297 1353 nulla
316 1314 382 1353 autem
400 1314 492 1353 creatura
504 1309 571 1365 potuit
583 1324 620 1365 pro
634 1308 713 1353 infinita
727 1308 803 1355 offensa

65 1380 146 1436 'peccati
167 1379 295 1435 aequivalens
315 1383 335 1422 et
355 1378 445 1423 infinitae
464 1378 567 1423 efficaciae
581 1380 668 1435 pretium
682 1380 802 1436 persolvere.

66 1450 142 1494 Factus
153 1451 215 1506 igitur
224 1451 280 1494 Deus
292 1450 359 1505 homo,
369 1453 392 1493 01
400 1451 461 1493 lromo
471 1451 564 1506 solveret,
575 1450 630 1506 quod
639 1451 698 1494 lromo
709 1451 802 1507 debebat,

69 1528 90 1566 01
102 1512 159 1566 Deus
178 1521 273 1577 solveret,
293 1521 345 1577 quod
366 1521 426 1565 homo
447 1521 524 1566 solvere
545 1535 585 1565 000
605 1524 689 1578 poterat.
724 1521 803 1567 Deinde

65 1592 180 1637 ‘sanabilem
199 1593 325 1648 agnoscimus
342 1592 441 1649 morbum,
461 1594 493 1636 cui
506 1596 564 1636 10010
577 1594 684 1650 apponitur
698 1593 803 1638 medicina.

69 1664 155 1709 Frustra
173 1666 226 1708 enim
241 1665 341 1708 insumere
355 1665 511 1722 preciosissimas
526 1666 601 1721 species
615 1665 705 1709 medicus
720 1667 803 1722 sapiens,

67 1736 109 1779 imo
120 1735 218 1792 sapientia
226 1736 277 1791 ipsa,
290 1736 308 1779 si
318 1736 394 1779 curatio
404 1735 456 1779 foret
465 1735 600 1791 impossibilis.
625 1735 716 1780 Ohristus'
726 1751 738 1779 a
747 1736 804 1780 nobis

68 1804 202 1850 arrhabonem
211 1806 276 1850 carnis
289 1805 368 1863 accepit
378 1808 399 1849 01
408 1804 541 1849 arrhabonem
552 1804 639 1863 Spiritus
648 1805 705 1851 nobis
715 1805 804 1864 reliquit.

64 1876 142 1921 vSecuri
159 1880 223 1920 estote
243 1892 289 1921 caro
305 1881 325 1920 et
339 1878 426 1934 sanguis,
446 1878 547 1934 usurpatis
561 1881 581 1921 et
595 1878 674 1921 coelom
688 1881 708 1921 01
721 1893 805 1934 regnum

70 1948 111 1992 Dei
128 1949 149 1992 in
164 1947 251 1993 (1101010.
279 1948 352 1992 Frater
370 1953 391 1993 01
408 1963 454 1992 caro
468 1953 538 1992 nostra
552 1952 587 2005 est,
607 1963 700 2005 spernere
713 1964 750 1993 000
764 1964 804 1993 000

69 2021 150 2077 poterit,
165 2034 186 2064 os
200 2020 224 2064 110
237 2019 314 2064 0001100
327 2020 430 2063 nostriset
443 2033 490 2063 caro
501 2019 525 2063 de
535 2033 594 2063 carne
604 2024 678 2064 nostra.
707 2020 748 2064 Ubi
757 2034 804 2065 caro

68 2107 115 2137 mea
129 2096 206 2148 regnat,
221 2091 250 2136 ibi
261 2105 390 2146 me'regnare
405 2091 471 2146 credo,
486 2091 521 2135 ubi
530 2092 610 2146 sanguis
619 2106 674 2135 meus
685 2091 805 2148 dominatur,

68 2163 98 2206 ibi
118 2178 150 2206 me
172 2163 281 2219 gloriosum
300 2177 341 2205 esse
360 2177 463 2218 cognosco.
492 2161 595 2207 Glorietur
611 2162 673 2218 igitur
692 2166 712 2207 et
731 2162 806 2206 exultet

71 2248 137 2278 semen
152 2233 255 2291 Abrahae,
274 2233 320 2291 0010
334 2232 390 2277 Deos
405 2247 444 2277 000
458 2232 554 2291 Angelos,
573 2233 609 2278 sed
626 2248 692 2278 semen
708 2233 805 2279 Abrahae

69 2297 170 2350 assumsit.
198 2306 572 2362 (110001010101011010010000110,
588 2307 636 2362 quia
651 2305 744 2352 Verbum
759 2322 805 2350 caro

71 2377 193 2423 factumest

256 2672 322 2717 Festo
337 2671 517 2716 tircrrmcisionis
532 2671 621 2717 Jhesus.

126 2791 199 2837 Servus
213 2790 287 2848 Moysis
302 2790 354 2834 iilius
368 2789 416 2834 Nun
431 2791 465 2846 001
474 2792 495 2833 10
504 2793 623 2847 promissam
633 2793 735 2848 regionem
744 2805 807 2848 popu-

71 2863 113 2905 lum
128 2862 209 2905 deduxit
223 2861 362 2917 israeliticum,
377 2861 437 2904 losue
454 2861 518 2904 dictus
533 2866 569 2913 est,
583 2864 627 2917 ipso
639 2863 714 2904 00111001
728 2863 807 2912 nomine
