1827 3356
101 134 128 184 33
315 171 316 174 Ἴ
326 129 381 172 desto
389 128 527 178 Circumcisienis
538 128 607 176 Jheeus

102 247 192 311 officium
206 252 374 310 repraesentans
394 246 541 303 &coronulas
554 248 588 290 ille
602 246 659 289 nobis
674 246 767 296 datus‘et
780 247 838 293 nobis

39 362 40 365 ,
102 324 173 376 natas,
182 324 206 367 ut,
218 319 315 377 populum
325 332 417 378 ,souma
431 320 518 377 peccatis
531 320 598 376 ‘ipsius
613 318 700 363 salvaret
714 323 734 362 et
748 320 829 370 coelesti

103 391 232 436 haereditatis
246 390 370 449 'participes'
386 391 472 448 iaceret,
500 390 584 435 salutari
604 395 624 435 et
643 389 730 435 salvifico
757 392 838 437 nornine

103 461 311 518 dDSDSappellatus
322 468 356 505 est.
375 462 494 518 Appellatus
502 462 579 504 seilicet
592 475 605 505 a
619 463 785 518 coelestinorum,
799 476 841 506 nou

103 532 204 578 humanae
218 532 330 579 noluntatis,
340 531 433 577 arbitrio:
449 532 561 591 appellatus
572 533 648 578 aeterni
657 533 720 592 patris
729 533 846 592 uoluntate,
911 531 913 534 ’

30 615 31 618 ’
103 613 144 649 non
162 609 231 650 autem
246 609 362 654 'creaturae
371 604 475 649 cuiusdam
492 604 606 661 libertate¹¹
622 604 714 651 Salvator
729 608 764 662 est,
778 607 840 661 igitur

104 676 190 721 salvabit
198 692 235 721 mos
249 691 262 721 a
275 677 368 734 peccatis.
379 725 381 728 Α
397 675 493 733 Quamvis
502 667 569 732 igitur
580 678 652 721 merito
663 676 803 728 contristemur
814 678 839 723 ob
911 678 914 719 ἱ

104 752 189 803 peccata
203 751 282 800 nostre,
302 763 354 806 quae
368 747 424 789 Deus
437 747 502 803 videt,
521 748 576 789 Deus
591 748 644 803 odit,
659 748 715 791 Deus
730 748 799 803 punit,
817 751 841 791 ut
912 781 914 811 3

105 817 139 875 pie
148 818 237 872 dicebat
247 818 369 873 antiquitas:
384 821 414 860 est
429 817 518 861 excelsus
528 816 633 875 gloriosus,
648 819 683 876 qui
695 817 778 873 iudicat,
793 822 841 863 sunt
912 826 914 874 ζ

106 888 168 948 coeli,
187 890 223 948 qni·
241 893 337 947 arguunt,
348 890 460 946 elemento,
480 903 532 946 quae
551 890 653 944 saeviunt,
673 894 694 934 et
712 894 803 947 superest
820 890 841 934 in

105 964 209 1018 posterum
222 962 323 1006 eruciatus
338 961 447 1018 gehennae.

106 1056 108 1059 v
161 1033 242 1078 Sufficit
250 1033 308 1077 nobis
319 1034 345 1077 ad
360 1048 439 1077 omnem
450 1033 556 1090 iustitiam,
567 1034 633 1095 solum
642 1032 716 1076 hahere
726 1033 841 1091 propitium,

107 1104 140 1149 cni
154 1104 191 1148 soli
204 1102 337 1161 peccavimus
359 1118 417 1148 omne
432 1103 486 1160 quod
498 1103 541 1161 ipse
554 1105 655 1161 imputare
669 1118 709 1148 uon
722 1103 841 1161 decreverit,

107 1177 136 1219 sic
150 1179 180 1219 θεῖ
194 1176 253 1232 quasi
267 1190 306 1219 nor
315 1175 381 1220 fuerit.
416 1173 476 1231 Quod
490 1176 508 1219 si
522 1176 575 1219 enim
589 1175 650 1220 Jesus
665 1176 735 1233 salvat,
749 1176 795 1232 quis
805 1179 841 1232 est,

107 1247 142 1302 qui
153 1238 286 1289 condemnet?
313 1245 373 1301 Quod
392 1246 410 1288 si
423 1247 484 1289 ιῙθεῖε
503 1247 572 1301 salvat,
587 1246 687 1290 voluntati
701 1246 784 1290 Domini
798 1246 842 1302 quis

107 1315 204 1361 resistat?
218 1315 291 1361 ‘Josus
304 1320 343 1360 est
361 1317 396 1373 qui
415 1319 483 1374 sanat,
505 1316 549 1374 quis
568 1322 599 1361 est
613 1317 649 1374 qui
662 1316 769 1362 vulneret?
788 1317 843 1362 filius

108 1388 148 1433 Dei
162 1392 192 1432 est
211 1390 245 1445 qui
262 1388 347 1444 exaltat,
367 1389 412 1444 quis
432 1392 461 1432 est
479 1389 514 1445 qui
533 1388 646 1445 deprimat?
664 1387 731 1434 Verus
755 1389 844 1433 salrator

109 1464 150 1518 est,
169 1460 215 1518 ideo
232 1473 290 1505 veros
309 1459 369 1504 etiam
388 1460 473 1517 requirit
491 1466 608 1518 peccatores
627 1460 663 1505 sed
680 1462 805 1517 poenitentes
824 1465 845 1506 et

109 1533 135 1574 ad
149 1533 203 1575 riam
216 1532 297 1575 Domini
312 1534 440 1574 revertentes.
469 1530 529 1586 Quod
543 1532 560 1573 si
573 1536 657 1587 peccata
674 1545 711 1574 nos
730 1530 843 1587 prohibent,

107 1605 176 1646 tamen
187 1604 273 1645 naturae
286 1602 397 1645 communio
409 1615 449 1645 nom
459 1601 544 1658 repellit.
562 1601 661 1645 Maximus
671 1600 732 1645 ιῙθεῖε
740 1605 775 1657 θεῖ,
783 1601 845 1657 igitur

110 1672 271 1717 amaledicticne
280 1671 330 1728 legis
340 1688 376 1716 nos
385 1671 483 1718 liberabit.
511 1671 607 1717 Officium
617 1673 666 1728 legis
676 1676 756 1717 estnon
766 1672 844 1729 exigere

109 1744 408 1801 nostracpe1¹a,sedpeccatum
417 1744 522 1788 ostendere
531 1746 551 1787 et
558 1744 741 1801 impossibilitatem
749 1747 845 1790 nostram.
889 1770 891 1775 ·

110 1815 151 1860 Per
171 1815 235 1871 legem
259 1815 338 1871 peccati
359 1816 458 1871 cognitio,
479 1829 515 1872 per
533 1814 593 1859 fidem
615 1819 683 1859 autem
703 1816 724 1858 in
744 1814 845 1860 Christum

110 1889 189 1947 peccati
209 1887 296 1931 abolitio.
326 1886 424 1932 Voluntas
444 1886 556 1930 ostenditur
574 1886 654 1930 infirma
671 1901 707 1944 per
725 1886 799 1944 legem,
823 1891 846 1930 ut

111 1963 167 2003 sanet
180 1958 246 2015 gratia
259 1957 383 2003 voluntatem
403 1961 424 2002 et
442 1973 491 2002 sana
504 1958 596 2002 uoluntas
612 1958 695 2013 impleat
712 1958 787 2012 legem,
806 1973 846 2001 non

111 2030 220 2073 constituta
233 2028 270 2072 sub
284 2028 334 2085 lege,
349 2028 384 2072 sed
398 2027 489 2085 indigens
503 2028 553 2084 lege.
582 2028 692 2074 Constituti
702 2029 763 2084 igitur
777 2042 846 2072 omnes

112 2114 178 2143 snmus
193 2101 230 2145 sub
244 2099 384 2143 maledictione
398 2100 459 2157 legis,
474 2100 510 2143 sed
524 2099 625 2143 henedioti
639 2113 706 2144 sumus
723 2100 744 2143 iu
758 2099 846 2155 Christo,
884 2103 887 2105 ’

111 2171 216 2215 benedicto
224 2170 321 2215 Abrahae
329 2171 409 2226 semine,
418 2171 485 2214 dilecti
492 2172 512 2213 iu
520 2170 598 2214 dilecto.
610 2170 626 2214 J
627 2184 671 2214 esus
678 2175 713 2226 θεῖ,
720 2172 781 2227 igitur·
787 2171 812 2214 ab
817 2173 848 2216 ira

113 2247 133 2286 et
151 2246 234 2286 aeterna
254 2240 318 2285 morte
332 2255 368 2285 nos
386 2240 487 2285 liberabit.
514 2241 612 2296 Diligitur
626 2242 680 2285 enim
694 2256 706 2285 a
719 2241 765 2284 Deo
779 2242 846 2297 homo,

113 2312 213 2368 quomodo
228 2326 269 2356 non
283 2312 406 2367 diligeretur,
420 2314 503 2369 propter
516 2326 580 2368 quem¹
590 2311 702 2368 unigenitus
717 2326 740 2355 ex
754 2314 798 2355 sinu
812 2327 848 2368 pa·

112 2384 149 2426 tris
168 2383 285 2427 demittitur.
314 2382 337 2427 Si
350 2388 373 2426 ut
386 2384 525 2427 reconciliaret
542 2397 578 2427 nos
588 2382 626 2428 sihi
636 2382 698 2441 Dene,
712 2382 776 2428 illium
790 2398 848 2429 suum

52 2462 54 2468 ’
113 2456 174 2499 morti
187 2455 276 2512 tradidit,
292 2461 365 2512 quanto
380 2457 443 2513 magis
456 2455 596 2500 reconciliatos
611 2455 677 2499 saluos
691 2455 768 2499 faceret
777 2457 798 2498 in
808 2457 849 2499 vita

113 2527 180 2584 ipsius.
209 2526 276 2584 Quam
294 2527 354 2583 igitur
372 2527 429 2570 dulce
448 2532 468 2571 et
487 2527 575 2571 salutare
595 2530 625 2570 est
643 2541 716 2571 nomen
729 2527 801 2571 Jesusl
830 2525 848 2571 Ο

112 2598 201 2643 Domine
211 2598 226 2643 J
227 2613 262 2643 esu
275 2601 358 2655 propter
371 2613 444 2642 nomen
453 2604 511 2642 tuum
520 2600 547 2641 sis
557 2598 605 2640 mihi
617 2597 633 2641 J
635 2613 685 2653 esus,
699 2613 724 2640 ne
738 2600 848 2654 permittas,

114 2683 145 2712 me
163 2669 260 2725 damnari,
281 2682 340 2724 quem
355 2683 380 2711 er
393 2668 456 2713 nihilo
471 2670 554 2724 creasti,
576 2682 601 2710 ue
615 2670 719 2724 permittas
742 2683 774 2711 me
794 2668 849 2711 dam-

113 2741 163 2796 nari,
178 2753 239 2796 quem
253 2740 343 2796 precioso
358 2745 392 2783 tuo
406 2741 503 2796 sanguiue
516 2738 623 2785 redemisti.
