1827 3356
108 173 134 223 18
348 177 399 214 Dom.
410 176 466 214 XVII
477 190 494 223 p.
505 176 599 213 Trinitatis.

98 294 170 341 ‘Ceste
189 295 241 338 enim
258 299 328 352 portus
348 300 367 339 et
380 295 493 352 perfugium
507 296 564 341 nobis
578 300 672 353 paratum
685 297 706 339 in
718 301 789 353 morte,
805 310 844 352 quo

97 368 185 410 *utinam
197 366 246 409 selis
260 366 324 423 passis
334 366 417 423 pervehi
430 366 495 410 liceat.
524 366 637 423 Euolemus,
653 367 754 410 evolemus
769 382 793 410 ex
806 366 846 411 hac

110 431 160 495 rita,
180 437 280 481 exclamat
293 437 384 494 Monica,
403 435 513 492 Augustini
530 443 601 483 mater.
629 437 689 482 Nunc
703 437 787 481 dimittis
806 453 846 482 ser-

73 508 74 512 ’
110 523 157 552 vum
170 512 232 565 tuum,
247 500 340 564 Domine,
359 508 458 551 exclamat
472 506 564 553 Simeon:
584 510 657 552 dimitti
676 511 731 564 cupit
749 512 846 565 tanquam

111 592 208 635 corporeo
228 578 327 636 ergastulo
340 579 438 622 inclusus.
466 578 555 623 Dissolvi
576 582 634 638 cupio
658 585 678 624 et
698 594 744 624 cum
765 579 845 624 Christo

46 660 48 662 ’
111 664 165 707 esses,
185 652 284 695 exclamat
297 649 378 706 Paulus,
398 649 481 693 dissolvi
493 652 548 706 cupit
561 655 658 708 tanquam
672 652 756 695 temenis
770 651 847 694 fecibus

112 722 211 777 alligatus.

166 791 221 850 Quid
238 789 313 849 igitur?
345 789 500 847 Accipiemusne
523 797 588 835 uestes
605 798 673 849 atras,
692 807 737 835 cum
750 792 781 834 illi
794 806 848 834 sum-

86 893 87 896 *
113 864 175 905 serint
186 862 302 905 indumenta
316 860 376 905 alba?
390 859 444 904 Num
458 861 565 917 lachrymis
576 865 596 903 et
605 862 710 916 gemitibus
720 876 756 905 nos
765 866 849 919 propter

114 947 147 977 eos
157 932 308 989 macerabimua
324 946 369 975 cum
376 931 432 975 Deus
443 931 468 975 ab
483 932 545 975 oculis
558 932 639 975 illorum
653 948 721 977 omnes
735 933 848 990 lachrymas

114 1003 232 1060 abstergat?
259 1003 314 1048 Num
331 1003 442 1058 lugebimus
461 1007 481 1045 et
493 1003 515 1045 in
528 1017 619 1046 moerore
634 1009 702 1047 nostro
716 1005 796 1047 labores
815 1018 850 1047 no-

114 1071 233 1132 bismetipsis
250 1067 368 1130 meabimus,
383 1073 482 1117 cumich
496 1074 642 1131 nequeluctus,
657 1089 722 1130 neque
738 1075 801 1130 dolor,
815 1090 850 1118 ne-

115 1160 154 1202 que
173 1147 248 1189 clamor
259 1146 314 1189 ‘ultra
328 1143 368 1187 sit?
395 1144 564 1200 Etrequiescant
578 1160 590 1188 a
603 1134 710 1188 laboribus
720 1144 775 1188 suis?
796 1144 851 1189 Num

115 1216 201 1261 flebilem
215 1221 298 1273 propter
311 1214 356 1260 illos
370 1215 487 1259 extollemus
501 1229 582 1272 uocem,
602 1230 647 1259 cum
665 1216 694 1259 illi
714 1231 780 1260 coram
799 1232 850 1272 agno

116 1291 196 1331 cantent
210 1288 309 1331 canticum
323 1300 406 1342 nouum,
421 1286 516 1330 habentes
532 1286 625 1342 cytharas
640 1291 659 1330 et
673 1287 751 1343 phialas
766 1286 852 1331 ameas?

104 1357 230 1412 ‘lugeamus
248 1358 311 1412 igitur·
332 1372 376 1399 crim
391 1356 499 1398 modestiae
518 1357 602 1413 decoro,
621 1372 646 1399 ne
664 1357 791 1413 indignemur
809 1357 852 1400 Do·

115 1429 175 1485 mino,
191 1429 228 1484 qui-
239 1432 347 1485 postquam
360 1441 400 1471 non
414 1427 503 1484 abstulit,
521 1428 560 1471 nisi
573 1443 626 1484 uriae
640 1427 702 1484 desiit,
717 1443 755 1472 sua
768 1429 852 1485 recepit,

116 1505 185 1543 nostra
198 1513 238 1542 uon
253 1499 339 1542 abstulit.
368 1497 469 1554 Quantum
483 1499 548 1554 prosit
562 1499 616 1541 exire
626 1497 651 1542 de
663 1499 750 1555 saeculo,
766 1498 853 1542 ostendit

117 1569 215 1627 Christus,
235 1571 269 1627 qm
288 1584 333 1614 omn
352 1569 444 1627 discipuli
462 1570 504 1613 eius
519 1571 696 1628 contristarentur,
716 1571 765 1627 quia
781 1585 801 1614 sc
819 1585 851 1613 re-

118 1656 219 1686 cessurum
227 1641 308 1698 diceret,
323 1641 436 1698 respondit:
452 1640 474 1685 Si
481 1656 513 1684 me
528 1641 639 1699 diligeritis,
654 1641 764 1698 gaudentis
778 1643 853 1699 utique.

149 1739 150 1742 =
172 1711 208 1758 Sin
221 1715 281 1769 igitur
292 1718 322 1757 te
343 1714 449 1768 nauigante
469 1713 551 1756 turbida
570 1719 589 1756 et
609 1714 724 1769 procellosa
744 1718 853 1769 tempestas

111 1782 211 1828 ⁴fiuctibus
225 1786 245 1828 si
258 1787 363 1827 uentorum
377 1784 467 1827 excitatis
482 1785 634 1840 praenuntiaret
653 1783 722 1827 futura
742 1783 854 1841 naufragia,

118 1870 183 1900 nonne
197 1860 278 1912 portum
291 1855 386 1898 uelociter
403 1854 498 1912 peteres?
525 1855 613 1899 Mundus
632 1870 678 1899 ecce
696 1859 754 1898 nutat
773 1860 793 1898 et
806 1856 855 1899 labi-

103 1931 151 1969 faur
166 1931 186 1968 et
199 1927 277 1969 rsrinam
291 1926 322 1969 sui
335 1939 376 1968 non
392 1929 436 1968 tam
454 1930 556 1969 senectute
575 1941 643 1970 rerum
659 1926 695 1969 secl
708 1925 748 1969 fine
762 1929 854 1983 testatur,

120 2002 140 2040 et
153 2002 175 2040 tu
188 2010 229 2040 non
241 1996 287 2041 Deo
301 1997 376 2052 gratias
391 1996 439 2054 agis,
453 2011 494 2041 non
507 1996 545 2041 tibi
559 1997 665 2053 gratularis
680 1996 735 2054 quod
747 1998 801 2040 exitu
814 2012 856 2040 ma-

120 2070 195 2112 turiore
208 2058 320 2112 subtractus
338 2069 401 2112 ruinis
420 2073 440 2112 et
457 2068 567 2124 naufragiis
587 2073 607 2111 et
625 2069 689 2124 plagis
705 2067 856 2112 imminentibus

121 2140 205 2184 exuaris.
233 2139 338 2183 Voluntati
356 2153 403 2182 suae
422 2139 545 2181 conformem
563 2138 626 2181 iaciat
645 2142 736 2181 nostram
755 2138 856 2182 Dominus

121 2209 188 2254 lesus.

313 2446 377 2504 bom.
392 2445 460 2492 xml
473 2445 524 2503 post
537 2444 665 2491 Trinitatis.

176 2566 295 2622 Mysterium
314 2567 356 2607 sine
375 2566 510 2607 controversia
532 2578 627 2618 magnum
650 2563 705 2618 quod
722 2564 777 2606 Deus
796 2564 860 2606 mani-

123 2636 208 2681 festatus
222 2640 253 2680 est
266 2637 366 2692 incarne,
381 2634 522 2679 mamlestatus
537 2636 603 2678 autem
621 2649 658 2691 per
676 2635 785 2692 miracula,
807 2649 859 2690 quae

124 2721 170 2752 suas
179 2707 254 2752 habent
262 2709 348 2763 linguas
373 2706 574 2762 Maximumquitlem
583 2705 622 2749 Dei
629 2705 748 2749 beneficium
757 2704 861 2751 Christum

108 2806 109 2810 =
123 2781 144 2822 iu
159 2794 218 2823 carne
232 2779 355 2836 apparuisse,
374 2792 437 2835 aeque
449 2792 496 2822 sero
511 2791 605 2832 magnum
619 2777 761 2821 miraculorum
771 2775 861 2832 magnifi-

126 2852 191 2894 centia
203 2851 269 2906 ipsum
282 2849 406 2892 inclaruisse.
434 2848 488 2904 Quia
500 2849 563 2903 igitur
577 2847 666 2904 duplices
676 2846 779 2890 hominum
790 2846 860 2904 morbi,

126 2920 240 2977 corporales
255 2925 275 2963 et
289 2920 408 2978 spirituales,
422 2919 468 2963 ideo
483 2917 587 2963 descendit
597 2919 651 2963 coelo
665 2931 749 2973 magnus
763 2917 861 2976 medicus,
