1827 3356
95 159 121 202 24
287 191 292 199 ,,
349 158 400 196 Doro.
411 152 446 195 XX
456 172 472 208 p.
485 150 580 198 Trinitatis.

95 268 218 335 purpureum
238 280 263 320 et·
278 275 342 321 laetos
364 278 426 322 oculis
448 271 531 329 01110000
550 279 643 322 honores.
659 276 752 322 ‚Diffusa
772 277 833 322 etiam
900 294 902 299 ·

97 348 193 405 graticio
206 347 265 392 labiis
278 349 327 393 eius.
355 349 410 393 Vere
420 349 504 405 diffusa3
519 364 559 394 non
571 349 622 405 enim
633 348 729 407 Spiritum
740 349 843 407 accepisti*

98 414 125 464 ad
142 434 262 477 mensuram,
282 420 317 464 sed
334 421 391 464 00010
404 426 424 463 00
439 420 495 465 Deus
509 426 561 476 0000,
581 421 669 475 01)000,
689 422 731 464 0100
745 421 833 462 laetitiae

98 492 142 546 plus
161 504 222 545 quarn
240 495 342 534 consortes
358 494 410 533 tuos.
437 489 525 534 Perinde
540 492 635 548 scriptum
648 488 710 534 babet
723 490 743 534 in
757 490 834 533 1000000

50 549 52 553 ’
101 565 120 603 00
134 561 251 605 vestimento
271 574 313 616 suo,
332 559 378 604 Rex
395 573 466 616 regum
485 565 505 604 et
518 560 617 605 Dominus
631 554 780 605 dominantium.
808 560 835 604 10

99 632 166 688 capite
187 632 251 688 ipsius
270 630 385 675 diademata
403 631 471 688 multa,
491 644 543 687 quiae
559 632 635 677 habent
648 646 721 676 nornen
739 632 844 687 scriptum¹

99 701 153 759 quod
167 717 226 746 nerno
244 702 304 756 norit,
325 703 364 745 nisi
374 704 423 758 ipse.
452 700 568 747 Sublimitas
577 703 630 748 illius
639 702 749 748 maiestatis
758 708 845 748 mentes·

99 776 178 818 nostros
193 773 279 819 offuscat
293 777 313 818 00
326 773 402 817 obruit:
418 777 479 830 atque
492 775 522 817 ita
536 776 638 832 apparuit,
658 776 752 819 honorem
769 776 846 832 sponsi·

96 859 142 889 esse
160 846 281 908 maximum:
300 859 363 902 aeque
377 859 423 888 uero
438 859 521 901 magnus
535 846 597 902 ipsius
611 861 668 891 amor·
682 861 730 904 erga
743 860 837 905 sponsam

99 915 218 962 Ecclesiam.
238 916 316 961 induit
333 933 377 960 eam
390 919 513 959 vestimentis
528 919 596 960 salutis
611 923 631 960 et
644 919 738 973 iustitiae,
757 932 802 961 cum
816 918 846 960 in*

102 986 184 1032 sordida
197 991 327 1045 pcccatorum
336 987 406 1031 tunica
415 986 558 1043 etturpissimo
567 987 679 1044 iniquitatis
688 1003 754 1046 panno
763 990 838 1032 misera

102 1059 183 1116 iaceret,
199 1059 254 1103 dedit
267 1059 296 1102 illi
310 1061 332 1102 ut
341 1058 453 1115 cooperiret
467 1073 488 1102 00
502 1058 583 1115 byssino
593 1059 706 1115 splendenti
716 1065 736 1103 et
746 1059 848 1104 candidos

101 1129 210 1187 Byssinum
218 1129 367 1174 iustificationes
378 1134 424 1173 sunt
433 1135 553 1174 sanctorum.
579 1129 633 1173 Vere
643 1129 747 1174 descendis
756 1144 838 1187 magnus

103 1200 188 1246 Samson
199 1205 219 1245 00
230 1215 254 1245 en
263 1199 378 1245 Philistaeis
392 1200 430 1243 sibi
442 1202 540 1256 qnaesivit
552 1215 652 1257 sponsam.
680 1201 790 1245 Descendit
799 1201 840 1244 Dei

103 1270 155 1314 filius
178 1277 197 1314 et
217 1285 311 1328 sponsam
332 1270 370 1315 sibi
389 1272 449 1328 elegit
470 1285 494 1314 00
513 1271 612 1316 damnatis
631 1277 652 1316 et
669 1277 761 1316 aeternae
780 1272 841 1315 morti

104 1341 227 1389 adiudicatis.
256 1342 345 1387 Proiecti
359 1356 437 1387 eramus
452 1357 512 1400 super
525 1342 598 1387 faciem
611 1346 677 1387 terrae
691 1345 712 1386 in
722 1344 840 1387 abiectione.

104 1412 156 1457 Cum
169 1415 230 1470 igitur
243 1414 425 1470 inimici‘essemus,
444 1414 498 1471 patri
512 1428 548 1459 suo
562 1428 599 1458 nos
613 1415 750 1459 reconciliauit
762 1429 799 1471 per
813 1429 840 1472 se,

103 1490 127 1528 00
146 1500 183 1529 000
204 1486 334 1543 conjungeret
355 1484 399 1529 sibi.
425 1484 483 1531 Vidit
503 1499 540 1529 nos
558 1486 686 1530 conculcatos
705 1486 726 1529 in
745 1488 842 1542 sanguine

104 1562 179 1614 nostro,
194 1556 258 1601 nudos
274 1559 294 1599 et
308 1556 422 1600 confusione
431 1558 506 1613 plenos,
526 1556 562 1600 sed
575 1558 624 1600 lauit
637 1572 674 1600 nos
688 1570 745 1612 aqua⁷
760 1558 840 1599 lauacro

104 1627 208 1670 mundarit
223 1641 259 1671 000
273 1628 425 1682 regeneratione
444 1627 576 1684 sanctissimo,
596 1626 710 1671 emundarit
724 1628 842 1683 sanguinem

105 1702 195 1741 nostrum
209 1713 243 1742 suo
259 1698 454 1754 scilicetsanguine3
469 1699 516 1754 qnia
528 1699 607 1754 sanguis
623 1698 706 1741 Domini
719 1700 782 1742 nostri
792 1698 844 1742 1000

106 1768 182 1813 0100001
196 1769 290 1813 emundat
303 1783 339 1812 nos
354 1774 458 1825 apeccato
480 1774 500 1813 00
521 1784 533 1813 0
554 1769 681 1826 sanguinibus
707 1784 743 1814 nos
764 1768 842 1814 liberat.
893 1782 894 1785 ’

106 1840 204 1886 Torcular
218 1842 258 1885 vini
271 1840 344 1884 furoris
357 1842 400 1884 irae
413 1841 454 1883 Dei
468 1843 609 1897 omnipotentis
623 1843 666 1898 ipse
681 1841 775 1897 calcarit,
790 1840 843 1884 unde

106 1912 191 1956 rubrum
204 1917 234 1956 est
244 1913 382 1956 vestamentum
392 1913 433 1955 eius
444 1916 463 1954 et
472 1911 589 1954 indumenta
603 1911 645 1955 eius
660 1913 711 1955 sicut
725 1913 845 1969 calcantium

106 1984 128 2026 in
145 1983 248 2027 torculari.
277 1980 377 2039 Spoliatus
392 1984 453 2026 etiarn
466 1987 520 2027 ueste
538 1988 624 2040 terrena,
643 1988 666 2026 ut
678 1983 794 2027 indumento
808 1984 845 2026 inr-

107 2055 234 2098 mortalitatis
248 2068 296 2098 suae
305 2068 341 2097 nos
350 2055 437 2097 vestiret.
465 2053 528 2097 Unxit
541 2068 578 2096 nos
593 2054 636 2096 oleo
646 2053 784 2097 misericordia
794 2053 845 2097 scili-

109 2130 141 2168 cet
155 2130 175 2175 00
189 2126 259 2181 gratia
274 2124 354 2181 quando
369 2126 422 2167 eninr
435 2123 503 2168 Dauid
521 2124 635 2182 praedicat:
654 2125 783 2181 impinguasti
801 2124 845 2168 oleo

110 2201 170 2253 caput
183 2211 250 2249 000000
264 2198 331 2240 statim
345 2195 435 2253 subiicit,
454 2195 592 2239 misericordia
610 2201 645 2239 tua
664 2195 796 2252 subsequetur
807 2211 846 2239 ‚me

110 2267 201 2312 omnibus
216 2267 286 2312 diebus
300 2268 353 2312 uitae
367 2281 429 2312 meae.
453 2267 540 2311 Vestiuit
555 2268 615 2311 etiam
629 2280 721 2322 sponsam
736 2268 846 2310 000000110-

111 2339 216 2396 coloribus,
231 2340 327 2383 calceavit
340 2337 459 2395 hyacyntbo,
476 2337 537 2380 cinxit
550 2336 610 2395 bysso
626 2341 645 2380 et
659 2336 773 2398 subtilibus,
796 2338 852 2382 adeo

110 2414 132 2453 ut
146 2409 219 2455 decora
231 2409 286 2455 iacta
303 2410 368 2466 nimis,
386 2415 406 2454 et
423 2409 514 2467 perlecta
532 2409 553 2453 in
572 2407 645 2452 decore
664 2424 705 2453 suo.
734 2409 775 2455 Sed
796 2412 848 2454 enirn

111 2482 174 2525 omnis
189 2470 301 2537 gloriaeius
310 2480 335 2525 ab
349 2483 408 2538 intus,
422 2481 475 2525 unde
484 2482 505 2525 in
515 2480 591 2537 Spiritu
599 2482 662 2524 istaec
672 2480 731 2539 dicta,
745 2482 766 2524 in
777 2483 849 2538 spiritu

111 2555 172 2607 etiarn
190 2552 299 2609 audienda
319 2552 412 2595 videlicet
430 2552 455 2595 de
473 2553 550 2594 iustitia
569 2556 588 2593 et
609 2552 672 2593 001000
696 2557 716 2593 00
733 2552 848 2595 muneribus

111 2623 194 2679 gratiae.
222 2621 318 2666 Armillas
334 2623 393 2667 etiarn
408 2621 464 2667 dedit
478 2628 498 2666 et
511 2623 602 2679 inaures,
616 2621 697 2679 reliquit
716 2621 850 2667 arrhabonem

112 2694 353 2751 8000000000100000000
372 2695 437 2737 carnis
458 2693 483 2738 ab
503 2693 666 2750 eademaccepit.
695 2692 782 2750 Spiritus
797 2694 850 2737 enim

113 2764 197 2810 Sanetus
216 2767 314 2823 sponsalis
334 2769 364 2808 est
382 2754 518 2810 00010ομΗο
537 2765 606 2809 salotis
624 2770 704 2809 nostrae
718 2766 796 2822 pignus,
816 2766 851 2820 qui

112 2837 146 2879 illo
162 2842 222 2892 caret,
237 2838 322 2881 salutern
335 2851 375 2880 non
388 2835 460 2892 habet;
476 2836 561 2894 denique
571 2836 656 2881 similam
670 2841 691 2880 et
703 2836 744 2880 mel
754 2841 774 2880 et
784 2836 850 2880 oleum
865 2872 866 2877 ,
903 2826 905 2829 ’

114 2908 168 2952 dedit
183 2908 208 2953 ad
223 2908 369 2952 comedendum
381 2913 403 2950 ut
412 2908 470 2951 fieret
484 2908 559 2951 decora
572 2908 699 2952 uehementer
713 2908 777 2964 nimis,
792 2921 854 2964 spon-¹
