1827 3356
80 167 106 209 28
313 162 364 204 Doro.
376 161 468 213 XXle.
479 166 573 203 Trinitatis.

84 297 123 339 que
138 284 191 325 enirn
204 282 274 339 religio
289 288 359 327 nostra
372 283 607 340 magistratuumque
622 281 750 340 'superiorum
760 283 819 329 ¹reue·
861 333 862 336 ,

81 356 167 397 rentiam
182 353 278 410 destruit,
297 353 332 397 sed
351 351 414 410 erigit.
444 354 519 399 Olrristi
537 356 590 412 leges
609 355 688 413 politias
708 355 748 399 uon
764 371 819 402 erer—
888 349 890 351 ’

82 428 137 481 trunt3
156 424 192 468 scd
209 424 324 470 obedientia
338 423 390 482 quae
401 427 511 471 maioribus
520 428 632 484 praebetur,
647 427 692 471 Deo
707 427 819 473 exhibetur.

83 498 145 540 Adsit
159 511 206 552 ergo
221 496 337 541 obedientia
355 497 390 540 sed
410 496 543 543 determinata
562 504 582 543 et
598 499 656 543 certis
670 498 766 543 limitibus
781 500 819 544 cin-

84 568 210 626 cumsoripta.
239 567 262 614 st
280 568 330 626 quid
350 572 420 612 contra
433 568 507 627 Deum,
523 576 593 616 contra
606 585 673 616 ueram
686 570 734 615 fidei
748 571 820 617 doctri-

83 656 140 696 nam,
153 647 231 697 -contra
244 641 308 683 bonos
322 654 388 682 mores
406 642 540 695 praecipitur,
559 642 699 697 obligatorium
717 641 768 684 illud
781 656 824 684 non-

84 715 120 754 est.
149 709 323 767 Quemadmodum
342 709 400 766 euim,
419 708 474 765 qnod
492 710 544 754 male
557 712 645 769 iuratur,
663 713 719 769 peius
733 711 822 768 praesta-

83 787 123 837 tur,
137 783 167 824 ita
180 781 235 837 quod
248 781 300 824 male
314 781 442 837 praecipitur,
456 782 514 836 peius
528 780 636 838 perficitur.

137 851 211 909 Neque
225 849 305 897 veretur
319 849 445 895 Christianus
459 857 571 908 parentum,
587 855 699 911 coniugum,
713 854 822 897 liberorum

85 936 175 965 amorem
197 923 218 966 in
239 921 315 967 Olrristi
336 935 395 966 causa
410 936 493 978 exuere,
519 936 564 966 cum
584 923 629 966 illos
651 939 720 968 omnes
740 929 839 981 propter

85 991 189 1037 Christum
209 999 267 1037 amet
295 991 345 1035 Nou
361 997 441 1035 veretur
462 990 586 1037 confessione
608 996 696 1039 veritatis
720 995 822 1040 offendero

85 1062 183 1109 Dominus
193 1066 214 1108 in
223 1066 281 1109 terris
290 1078 335 1108 oum
344 1070 488 1120 recognooormt
497 1067 620 1121 superiorem
630 1067 717 1123 aliquem
726 1070 747 1111 in
756 1068 823 1112 coelis.

85 1136 182 1193 Ipsorum
196 1137 256 1180 etiam
269 1137 374 1191 irnperiurn
389 1137 507 1179 exteriorem
527 1138 628 1180 concernit
646 1136 757 1196 hominem,
776 1139 824 1182 lruio

86 1208 194 1265 imperent,
217 1207 264 1250 huic
283 1207 337 1262 leges
355 1206 503 1263 praescribant⁷
524 1206 582 1250 lartius
600 1209 687 1265 impetus
708 1214 824 1263 coeroeant3

86 1279 169 1321 interior
190 1274 227 1321 soli
245 1278 290 1320 Deo
305 1276 375 1333 seruit,
394 1278 509 1319 interiorem
529 1279 582 1321 solus
596 1278 651 1321 Deus
667 1279 768 1336 agnoscitJ
787 1293 833 1322 uec>

87 1348 231 1392 intolerabilior
248 1349 289 1392 nlla
303 1347 401 1405 Tyrannis
422 1361 482 1404 quani
505 1347 604 1393 dominari
619 1350 670 1394 uelle
691 1351 822 1395 conscientiis.

88 1418 145 1476 Quae
158 1421 219 1476 igitur
234 1419 325 1464 Caesaris
335 1425 380 1463 sunt
390 1418 479 1476 Caesari,
495 1433 546 1476 quae
555 1420 597 1464 Dei
611 1421 714 1465 sumtDeo
728 1422 824 1466 inuiolata

89 1497 149 1548 atque
163 1493 283 1536 intemerata
298 1495 444 1534 conserventur.

395 1622 522 1629 .-..-—-——

283 1716 348 1761 Ilom.
361 1715 438 1761 XXIV
452 1716 503 1773 post
517 1716 644 1762 Trinitatis.

98 1866 99 1869 =
143 1834 215 1879 Puella
232 1834 270 1879 tibi
288 1834 332 1878 dico
352 1849 416 1890 surge.
450 1833 509 1889 Quod
527 1834 560 1877 liic
583 1835 660 1892 peregit
680 1833 782 1891 Christus,
806 1836 826 1877 in

91 1912 144 1950 statu
162 1921 209 1950 suae
229 1906 367 1949 exinanitionis
385 1905 435 1948 illud
454 1906 560 1961 aliquando
579 1906 684 1960 gloriosius
703 1903 794 1960 perficiet
807 1905 828 1946 ir

91 1982 144 2021 statu
158 1977 289 2021 exaltationis.
317 1974 364 2031 lpse
378 1990 466 2032 namque
481 1977 519 2019 erit
531 1990 592 2019 causa
606 1974 705 2034 efficiens,
727 1975 793 2019 forma
807 1980 827 2019 et

90 2046 135 2093 finis
149 2049 300 2093 resurrectionis
315 2047 403 2091 omnium
416 2052 512 2091 nostrrnn.
539 2046 710 2104 Expergiscamur
724 2050 758 2104 qui
771 2047 827 2090 babi-

91 2125 135 2164 tant
148 2122 169 2163 in
182 2121 263 2177 puluere
277 2125 349 2176 terrae,
370 2121 417 2175 qnia
431 2119 513 2162 audient
526 2134 596 2162 uocem
609 2118 646 2161 filii
658 2119 704 2162 Dei.
733 2118 773 2174 Qut
786 2124 829 2162 tam

91 2191 151 2235 lacile
170 2205 182 2234 a
200 2195 264 2234 morte
283 2190 379 2234 suscitare
397 2195 475 2247 potest,
500 2190 551 2233 sicut
567 2190 627 2233 homo
647 2194 713 2246 potest
736 2191 797 2232 alirun
816 2204 828 2233 a

93 2276 162 2307 somno
177 2262 270 2305 excitare.
298 2260 348 2303 ideo
363 2262 423 2303 etiam
437 2274 491 2303 mors
505 2274 585 2304 somnus
600 2265 635 2304 est,
662 2260 703 2303 Die
716 2260 765 2304 milri
779 2275 828 2316 quo-

93 2332 153 2376 modo
170 2332 341 2376 obdormiscamus
360 2337 380 2375 et
401 2331 466 2375 dicam
477 2327 522 2375 'rubr
540 2331 641 2389 quomodo
660 2332 774 2375 moriamur.
803 2331 828 2375 ln

93 2418 162 2448 somno
178 2404 281 2460 quiescant
295 2408 377 2447 exterra
389 2404 498 2461 sensitoria,
514 2394 631 2446 corautenr
645 2403 724 2460 vigilat,
743 2405 829 2447 maxime

93 2490 140 2520 uero
156 2476 231 2521 anima:
250 2476 279 2520 ita
293 2476 371 2533 piorum
385 2490 439 2520 mors
458 2469 532 2520 ablatio
551 2475 616 2519 solum
630 2476 714 2530 animae,
728 2490 768 2518 non
783 2475 830 2518 abo-

93 2549 142 2590 litio.
169 2547 196 2589 ln
210 2553 283 2591 statum
296 2548 379 2601 iuquam
392 2547 495 2589 meliorem
513 2545 641 2602 transpositio
661 2548 682 2588 et
696 2560 721 2590 ex
740 2546 829 2602 corporis

94 2618 193 2674 ergastulo
212 2617 310 2662 liberatio.
338 2616 482 2675 Expergelacti
496 2617 603 2662 alacriores
618 2631 685 2661 surmus
695 2616 722 2661 ad
736 2616 830 2662 obeunda

94 2696 163 2734 nostra
176 2692 253 2745 munia;
267 2692 296 2734 ita
310 2689 419 2732 reddentur
433 2689 541 2745 aliquando
555 2688 613 2732 nobis
624 2703 709 2745 corpora
718 2688 831 2745 glorificata

95 2762 159 2817 gloria
166 2762 242 2805 scilicet
253 2762 404 2805 resurrectionis
413 2762 514 2803 mnovata.
542 2760 584 2802 Ubi
598 2761 640 2802 uult
648 2762 735 2817 spiritus,
749 2759 779 2802 ibi
788 2772 831 2802 sum

94 2832 190 2889 protinus,
206 2832 244 2875 erit
258 2836 278 2876 et
292 2845 370 2887 corpus.
398 2831 477 2887 Corpus
489 2845 576 2887 namque
591 2832 629 2874 erit
638 2832 741 2887 spirituale
750 2832 830 2872 immor·

95 2902 141 2959 tale,
160 2902 317 2959 incorruptibile
345 2901 412 2946 Huius
426 2907 506 2946 nostrae
521 2903 676 2961 resurrrectionis,
692 2916 744 2960 quiae
758 2900 831 2946 fiducia
