1827 3356
40 184 42 186 .
99 158 134 205 42
258 205 260 207 v
351 137 402 192 nom
413 144 441 191 IV
451 167 468 202 p,
480 153 575 192 Trinitatis.

21 278 22 281 ’
52 296 67 318 a
101 272 206 333 inserimur
219 273 347 332 ,perfidem
366 274 480 331 quicunque
498 275 562 332 igitur
577 275 597 319 in
611 279 631 319 te
644 274 719 332 credit,
743 275 765 319 in
783 275 836 319 vitae
891 288 897 330 J

101 345 176 391 librum
194 337 292 403 scriptum
310 359 331 390 se
345 360 388 390 esse
405 346 490 392 nouerit.
517 346 557 391 (lui
575 347 627 391 enim
648 361 673 390 ex
697 350 777 391 aeterno
796 346 837 389 Dei

98 418 182 472 decreto
197 416 415 479 ³obtigeruntsaluds
438 416 516 473 media,
537 417 629 462 Uerbum
657 421 677 460 et
700 416 841 473 Sacramenta,
892 413 898 446 ἶ

38 510 39 513 ¹
102 488 164 545 Fides
174 490 199 532 ‘et
213 486 302 547 Spiritus
316 486 408 544 Sanctus,
424 486 471 532 huic
487 502 566 544 quoque
579 488 624 533 finis
637 489 680 545 ipse
693 488 751 543 fidei,
768 492 839 532 noema

102 560 198 603 nimirum
210 555 355 610 aeterna'salus
365 558 479 602 donabitur.
507 559 543 602 Ah
556 559 644 604 Domine
653 559 704 604 Jesu
718 559 792 603 dedisti
804 554 838 602 no·

104 628 135 673 bis
150 630 232 675 arrham
247 629 379 675 haereditatis
397 636 490 686 nostrae,
509 629 604 674 nimirum
618 629 716 687 Spiritum
734 630 838 675 Sanctum.

104 700 151 757 Ego
169 716 217 747 sero
234 701 290 746 illius
308 701 444 757 praesentiam
461 705 483 744 et
502 701 629 757 operationes
647 716 688 746 non
705 700 840 758 semperani·

105 772 210 831 ruodperto
215 806 220 829 ,
240 772 288 831 quia
303 772 324 816 in
341 772 430 829 peccatis
449 774 503 816 totus
517 787 561 816 sum
575 778 694 830 conceptus,
712 772 841 829 inpeccatis

105 844 157 899 viro,
174 845 297 901 inpeccatis
315 843 393 887 dormio
412 846 433 887 ct
449 842 510 899 sigilo
529 846 591 900 atque
607 844 709 888 interdurn
727 844 790 888 sciens
808 858 841 886 ro·

88 914 190 971 iensque
209 914 235 959 ad
253 918 335 972 peccata
348 914 429 959 festino.
457 913 504 959 Scio
525 917 592 958 autem
605 915 693 959 Domine
706 915 767 973 Jesu,
787 915 842 972 quod
899 918 907 963 ³5

107 986 197 1044 Spiritus
216 986 250 1031 ille
267 1000 308 1030 non
325 985 404 1031 habitet
421 986 443 1030 in
461 986 527 1030 anima
537 987 652 1043 immunda,
671 987 706 1031 sed
719 991 742 1031 tu
754 988 842 1032 Domine

107 1057 183 1103 munda
192 1073 230 1114 me,
245 1072 309 1115 purga
322 1057 390 1101 sordes
400 1061 534 1115 peccatorum.
564 1057 623 1102 Unde
638 1059 691 1102 enim
704 1062 773 1103 nostra
786 1073 843 1102 mun·

109 1129 175 1187 ditias,
189 1129 243 1173 unde
255 1133 326 1173 nostra
338 1128 422 1185 iustitia,
436 1128 489 1172 unde
503 1131 544 1183 est,
559 1131 582 1172 ut
595 1128 633 1172 tibi
645 1128 725 1185 placere
738 1130 843 1186 possimus,
854 1141 856 1150 ἰ

108 1199 188 1243 nisiex
205 1204 226 1243 te
242 1204 263 1244 et
279 1214 304 1242 ex
317 1198 394 1256 Spiritu
407 1197 458 1243 tuo?
485 1197 552 1243 Nemo
569 1199 625 1243 venit
643 1199 670 1243 ad
686 1203 713 1254 te,
730 1200 769 1243 nisi
787 1203 844 1256 pater

109 1270 195 1315 traxerit
207 1270 271 1315 illum.
289 1269 331 1314 *rr
344 1269 407 1314 trahis
421 1265 512 1314 nolentes
525 1274 546 1314 et
559 1280 693 1328 repugnantes
708 1272 756 1327 quia
769 1271 844 1315 bonum
860 1265 862 1269 ¹
906 1311 914 1315 ,

109 1341 160 1386 selle
175 1346 195 1385 et
208 1340 325 1386 desiderare
341 1355 382 1385 non
399 1355 511 1399 possumus,
524 1342 564 1385 imo
578 1356 616 1385 nec
629 1342 724 1396 negitare,
744 1342 845 1396 quomodo

110 1412 210 1455 voluntati
222 1415 304 1467 nostrae
318 1424 423 1456 occurrere
437 1411 507 1469 possis.
535 1409 566 1455 Tu
579 1411 642 1468 igitur
661 1411 682 1456 in
700 1415 782 1469 pectore
801 1426 845 1456 meo
905 1410 911 1452 ἱ

111 1482 220 1541 hospitium
238 1482 277 1528 tibi
295 1497 401 1540 praepara.
428 1482 488 1527 Nihil
505 1486 598 1527 sanctum
612 1485 670 1527 extra
683 1486 739 1526 tuam
754 1483 846 1526 sanctita·

111 1559 160 1610 tem,
173 1555 225 1598 nihil
234 1558 291 1598 extra
300 1558 321 1597 te
334 1553 415 1610 bonurn,
431 1553 485 1610 quod
498 1556 534 1597 tna
542 1553 623 1598 bonitas
635 1568 675 1598 non
689 1553 752 1598 efficit
765 1554 847 1598 bonum.

112 1624 144 1670 Tu
158 1641 179 1670 es
193 1626 283 1670 omnium
297 1639 346 1670 rera
360 1625 426 1681 Salus,
440 1624 538 1680 Domine,
551 1629 575 1669 tu
588 1640 615 1680 es,
630 1625 665 1679 qui
678 1627 745 1668 omnia
756 1626 776 1667 in
791 1625 847 1667 boni·

113 1699 156 1739 tate
175 1700 194 1739 et
213 1696 313 1752 sapientia
329 1699 366 1738 tua
384 1694 442 1738 valde
462 1694 515 1738 bona
533 1694 612 1740 creasti.
641 1693 689 1739 Sine
702 1698 722 1739 te
737 1695 787 1739 nihil
799 1695 849 1739 boni

114 1765 154 1810 scio
168 1767 190 1820 in
204 1767 277 1810 seculo.
306 1765 373 1821 Quare
382 1765 469 1809 Domine
485 1765 536 1809 Jesu
554 1767 681 1810 maiestatem
697 1769 753 1809 tuam
771 1766 846 1823 suppli·

115 1836 166 1891 citer
175 1837 243 1894 adoro,
258 1836 306 1894 quia
317 1836 401 1880 firmiter
412 1836 477 1894 credo,
491 1835 542 1880 nihil
551 1836 599 1881 boni
608 1850 652 1882 esse
662 1836 737 1894 absque
747 1840 783 1881 tua
792 1836 848 1881 boni·

114 1911 162 1966 tato,
176 1909 227 1953 nihil
239 1909 308 1964 magni
319 1908 395 1966 absque
409 1911 445 1952 tua
457 1908 601 1966 magnitudine,
615 1922 680 1965 neque
690 1908 764 1953 durans
774 1909 850 1965 absque
911 1898 914 1923 ³

115 1982 151 2024 tua
165 1980 276 2035 duratione,
290 1994 355 2035 neque
368 1970 445 2035 potens,
460 1980 502 2023 eine
516 1983 552 2023 tua
568 1983 675 2034 potestate,
690 1994 755 2035 neque
769 1980 848 2036 sapiens
912 1969 914 2023 s

70 2041 72 2043 l
117 2051 159 2095 sine
180 2054 217 2095 tua
238 2049 348 2107 sapientia,
371 2064 437 2107 neque
454 2050 540 2107 diligens
563 2050 605 2094 sine
630 2055 665 2094 tuo
691 2063 764 2107 amore,
784 2064 849 2107 neque

117 2122 229 2167 introsum
243 2124 285 2166 sine
299 2125 335 2166 tua
348 2121 432 2178 virtute,
447 2135 512 2177 neque
526 2136 596 2165 verum
610 2122 652 2165 sine
666 2126 701 2164 tua
715 2122 804 2178 ueritate,
817 2137 851 2165 ne-

117 2207 157 2249 que
171 2193 280 2249 gloriosum
294 2193 336 2236 sine
349 2196 384 2237 tua
395 2190 470 2249 gloria,
485 2206 550 2249 neque
564 2192 642 2236 iustum
657 2192 699 2236 sine
716 2199 751 2236 tua
764 2191 851 2237 iustitia:

118 2264 159 2307 scio
180 2265 242 2307 etiam
262 2264 315 2320 quod
337 2268 360 2306 tu
380 2263 482 2306 hominem
502 2263 622 2307 mirabiliter
644 2262 722 2319 creasti,
741 2261 852 2306 mirabilius

117 2334 227 2391 redemisti,
244 2333 380 2379 sanctificasti.
411 2333 517 2393 illumina,
536 2348 625 2392 renova,
645 2333 757 2390 sanctifica,
776 2346 852 2390 recrea,

118 2404 201 2462 virifica,
215 2405 310 2463 iustifica,
329 2404 421 2462 glorifica
435 2420 473 2461 me,
487 2407 510 2449 ut
523 2404 571 2449 fiam
587 2419 622 2449 ras
636 2404 786 2449 misericordiae
800 2408 853 2461 tuae,

119 2491 216 2533 organum
226 2476 314 2535 ‘Spiritus
329 2475 407 2533 Sancti,
427 2476 520 2533 plantula
532 2476 632 2534 paradisi,
652 2476 744 2520 columna
762 2476 854 2520 coelestis

85 2553 87 2556 ’
118 2548 134 2594 J
135 2548 263 2608 erosolpmae,
276 2562 340 2607 :quarn
354 2548 454 2607 Splendor
467 2548 543 2605 gloriae
556 2552 605 2593 tuae
623 2548 745 2607 illuminabit
758 2553 778 2592 et
792 2548 855 2592 domi-

119 2621 187 2663 cilium
202 2620 346 2664 Sacrosanctae
359 2619 464 2662 tbiuitatis
477 2620 498 2662 in
512 2622 622 2662 aeternum.
651 2617 725 2663 Arnen.
