1801 3306
316 163 367 201 Dom.
378 162 406 200 IV
416 162 555 211 plilpiphanias.
628 197 629 200 ,
651 163 652 166 ’
779 168 805 211 41

72 287 163 330 notetur:
172 284 237 332 'Vera
250 285 290 330 Dei
309 284 402 340 cognitio.
430 275 631 329 ChristusDominus
650 287 729 342 genitus
744 288 808 330 estet

72 353 146 412 factus,
155 356 256 400 Dominus
264 359 294 399 est
302 355 346 398 iure
355 354 492 410 haereditatis,
502 352 601 399 Dominus
610 359 640 399 est
648 358 692 400 iure
701 356 807 413 passionis.

7 477 8 480 Ἴ
28 416 34 434 ⁸
73 424 168 482 Quamuis
182 427 235 471 enim
248 426 313 484 gloria
325 426 380 470 carni
394 424 442 470 data
454 424 602 470 humanitatom
610 440 650 470 non
663 429 728 484 tollat,
738 427 808 471 'tamen

73 498 156 555 extollit,
170 500 260 556 quamuis
269 496 310 542 non
319 497 431 554 interficiat,
445 500 514 561 tamen
527 497 610 554 perficit.
628 497 661 542 lta
670 502 694 543 ut
702 499 808 555 utriusque

23 564 24 567 ’
72 568 165 614 Naturae
183 571 262 615 ratione
276 568 376 614 Dominus
396 569 422 614 sit
438 585 479 614 uua
496 568 618 613 adoratione
632 570 733 614 colendus.
766 570 808 614 Per

72 638 125 684 hunc
139 641 236 685 habemus
246 653 350 684 accessum
364 641 390 684 ad
401 643 480 696 patrem
490 654 513 684 ac
526 640 547 683 in
561 640 599 684 lroc
615 639 685 685 dilecto
696 642 757 685 etiam
770 656 807 685 nos

74 709 142 754 dilecti
154 724 227 755 sumus.
249 709 329 753 Deinde
339 711 496 766 omnipotentiae
505 709 637 766 praedicatio.
665 710 725 755 Potes
735 711 807 767 inquit.

73 779 128 836 Quid
137 783 190 826 enim
198 795 240 824 non
252 782 323 837 potuit,
338 782 359 824 in
374 795 414 838 quo
424 782 488 825 omnis
501 781 590 824 omnium
601 782 705 837 potentia?
719 782 757 825 ille
770 796 808 825 sua

72 855 162 909 potentia
178 867 270 897 numeros
286 854 383 896 creaturis
403 852 470 909 dedit,
489 867 529 896 non
543 853 607 909 ipsam
626 855 737 909 potentiam
751 868 808 897 suam

74 924 171 968 creaturis
185 924 280 979 alligauit.
308 924 357 969 ldeo
373 924 422 969 nihil
436 927 471 980 est,
486 924 540 980 qum]
550 923 700 967 Deusefficere
709 914 749 968 non
763 939 808 981 pos-

74 996 100 1037 sit
115 998 135 1037 et
151 995 231 1050 quidem
245 996 288 1038 sine
303 996 373 1039 latiore
391 995 439 1038 ullo.
467 993 530 1037 Pddru
544 995 611 1037 aduro
624 995 668 1051 dorp
682 994 761 1037 tattoni
774 994 808 1038 aul

74 1063 164 1123 ἀνήνυτον
177 1063 239 1109 οὐδέν.
258 1066 370 1109 Vereamur
382 1065 443 1121 igitur
456 1065 556 1109 infinitam
565 1065 605 1109 Dei
618 1066 736 1122 potentiam,
750 1064 808 1110 finito

74 1136 149 1191 ingenii
162 1136 227 1179 nostri
240 1136 321 1180 vasculo
335 1136 443 1180 includere.
471 1136 585 1180 Vereamur
604 1136 755 1180 interminatam
769 1135 810 1180 Dei

75 1207 181 1251 essentiam
204 1207 300 1251 limitibus
319 1208 377 1251 liuius
396 1208 491 1252 mundani
511 1208 606 1263 tuguriol'
628 1208 748 1251 terminare:
769 1208 809 1265 ipsi

73 1292 159 1336 namque
177 1278 227 1321 nihil
244 1278 372 1336 impossibile,
393 1278 431 1322 nisi
449 1278 504 1335 quod
521 1293 562 1322 non
575 1279 623 1322 uult.
651 1278 746 1335 Tertium,
763 1294 809 1336 pro·

73 1350 130 1403 priae
148 1349 271 1403 indigentiae
296 1349 402 1392 confessio.
438 1349 533 1392 Nundari
555 1352 612 1404 petit,
636 1351 727 1393 morbum
748 1350 809 1405 igitur

75 1421 172 1475 agnoscit.
204 1418 305 1463 Nimirum
324 1419 342 1462 si
360 1433 422 1475 opera
439 1420 557 1463 medicantis
578 1424 671 1475 expectas
690 1424 769 1476 oportet
786 1424 810 1464 ut

75 1490 145 1534 uulnus
153 1490 241 1545 detegas.
261 1488 301 1546 Cui
310 1504 350 1534 non
360 1489 462 1534 confessus
470 1490 527 1546 latet,
541 1490 665 1535 inconfessus
676 1491 808 1535 damnabitur.

76 1561 116 1619 Qui
142 1561 288 1606 desolationem
308 1577 349 1606 non
369 1562 436 1619 uouit,
462 1551 500 1606 nec
521 1563 678 1607 consolationem
702 1577 810 1618 agnoscere

44 1647 46 1651 ·
74 1636 146 1689 potest.
175 1630 229 1688 Quid
243 1633 306 1688 igitur
320 1632 453 1676 erubescimus
467 1633 527 1677 fateri
540 1636 625 1690 peccata
639 1648 708 1677 coram
723 1633 809 1690 homine,

75 1718 120 1746 cum
135 1703 204 1746 sartura
220 1703 261 1746 siut
272 1703 382 1761 ¹aliquando
396 1703 441 1746 Deo
457 1708 477 1747 θῖ
492 1705 546 1747 omni
559 1704 662 1748 hominum
680 1704 810 1759 gratulationi

76 1772 148 1818 obuia?
177 1771 287 1828 Quartum:
307 1774 418 1830 sapientiae
434 1774 513 1819 diuinae
527 1774 631 1831 professio.
659 1774 681 1819 si
695 1774 724 1819 uis
738 1774 809 1831 inquit.

75 1844 176 1889 Nimirum
189 1845 278 1889 medicus
293 1841 362 1889 melius
377 1846 438 1903 nouit,
454 1846 509 1902 quod
523 1847 550 1889 sit
564 1847 619 1903 utile,
635 1861 695 1903 quam
709 1852 808 1903 aegrotus.

34 1953 35 1956 ,
74 1915 111 1960 Nil
126 1930 173 1973 ergo
188 1916 285 1973 optabunt
298 1917 403 1962 homines?
424 1916 446 1961 si
460 1916 565 1961 consilium
580 1919 615 1973 uis,
630 1918 748 1975 permittent
761 1918 810 1975 ipsis

76 1988 188 2044 expendere
202 1987 333 2044 Numinibus,
355 1987 403 2043 quid
417 1988 522 2031 conueniat
535 1988 592 2032 nobis
606 1988 706 2044 rebusque
721 1988 747 2032 sit
761 1989 823 2033 utile
866 2014 867 2017 =

75 2060 158 2115 nostris;
177 2059 241 2102 carior
260 2061 290 2103 est
302 2058 342 2102 illis
355 2055 415 2102 homo
434 2072 494 2114 quam
512 2059 554 2103 sibi.
584 2059 644 2115 Quod
663 2060 687 2103 de
702 2074 749 2103 vero
765 2060 810 2104 Deo

75 2144 111 2174 nos
125 2131 200 2174 rectius
215 2131 328 2186 asserimus,
345 2130 379 2187 qui
393 2144 452 2187 saepe
470 2145 511 2175 non
527 2130 585 2174 audit
603 2130 630 2175 ad
644 2132 773 2189 uoluntatem,
787 2136 810 2177 ut

77 2202 170 2245 exaudiat
188 2202 214 2244 ad
231 2202 321 2245 salutem.
350 2201 447 2256 Quintum
466 2202 545 2244 demum
559 2203 607 2245 fidei
621 2204 739 2258 applicatio:
759 2205 810 2247 haec

77 2271 129 2315 enim
147 2272 227 2316 virtutis
245 2276 276 2317 est
294 2273 416 2316 attractiuae.
444 2271 502 2316 Haec
516 2270 620 2318 Christum
635 2277 655 2318 et
669 2288 703 2318 cor
720 2278 811 2319 nostrum

76 2343 105 2386 ita
120 2343 207 2399 copulat,
224 2346 247 2387 ut
261 2343 314 2387 bona
328 2342 368 2386 sint
383 2343 499 2386 communia.

278 2642 342 2685 Boni.
356 2641 388 2685 IV
401 2641 452 2697 post
465 2641 609 2697 Epiphanius.

130 2756 182 2802 Tota
201 2755 313 2802 Christiani
331 2759 372 2802 vita
390 2758 503 2815 periculosa
523 2761 623 2816 quaedam
643 2761 749 2818 nauigatio,
770 2776 811 2806 non

74 2828 130 2873 enim
139 2830 237 2875 habemus
247 2829 280 2875 hic
294 2830 396 2876 civitatem
407 2835 528 2888 manentem,
543 2833 579 2879 sed
588 2834 676 2878 futuram
685 2833 810 2890 inquirimus.

77 2898 146 2946 Prima
159 2901 220 2959 igitur
229 2905 298 2947 nostra
311 2916 359 2946 cura
374 2902 404 2958 sit,
419 2906 441 2947 ut
451 2901 553 2948 Christum
562 2905 680 2949 nauclerum
691 2904 748 2950 nobis
757 2919 810 2950 asso·
