1801 3306
329 170 391 213 111111.
402 173 469 213 XXIII
478 185 495 219 p.
506 172 601 210 Trinitatis.
817 173 842 214 Ἡ

106 293 230 350 syllogismus
250 294 352 351 practicus
370 296 403 337 ¹est
423 305 518 335 accusans
539 292 571 335 rel
592 307 686 337 excusans
708 305 750 336 nos.
783 290 843 334 Haec

105 366 169 408 instar
183 366 236 408 mille
250 365 337 421 testium,
356 362 482 406 1111111111
496 367 516 406 et
529 361 595 405 iudex.
620 361 727 420 Oompellit
741 361 850 409 calamita

106 438 151 481 tum
172 435 291 493 frequentia.
320 434 386 491 Saepe
405 448 491 490 namque
505 430 563 490 punit
576 433 633 477 Deus
648 436 757 479 occultiora
771 433 844 477 delicta

107 522 144 562 per
157 507 236 563 flagella
250 506 362 561 manifesta,
379 511 402 547 ut
416 507 451 562 qui
463 506 532 548 Deum
545 505 651 547 uoluerunt
669 519 789 560 cognoscere
807 518 845 560 per

107 577 211 635 beneficia,
226 578 312 620 sentiant
326 578 391 631 ipsum
405 590 442 632 per
455 575 559 632 supplicia.
589 574 695 633 Oompellit
705 577 765 620 etiam
774 575 844 619 mortis

108 649 207 693 violentia.
229 647 305 692 Anima
320 662 345 690 ex
359 648 448 703 corporis
463 647 572 703 ergasterio
588 646 706 703 discessura,
720 652 845 691 memoratur

109 720 176 762 omnia
195 734 231 763 sua
250 733 312 775 opera
331 723 350 761 et
369 732 443 762 coram
455 718 537 761 coelesti
556 719 612 761 curia
630 731 676 761 oum
693 707 753 761 tantis
773 717 845 767 debitis

109 805 207 846 apparere
222 795 312 834 veretur:
327 791 408 846 maligni
422 791 503 844 spiritns
519 788 633 843 egrediente
648 790 715 831 anima
729 804 790 845 opera
808 803 846 847 sua

109 862 220 918 requirunt,
241 860 312 903 ultima
326 861 386 905 etiam
412 860 454 904 dies
480 859 505 904 de
526 858 611 903 bominis
632 858 729 903 felicitate
751 859 844 902 decernit.

112 929 220 989 Compellit
234 930 320 988 denique
334 946 403 976 serora
417 932 502 975 extremi
516 929 592 974 Iudicis
607 932 711 975 sententia.
738 929 765 974 Iu
779 945 802 974 eo
816 931 845 974 11-

111 1002 163 1046 dicio
178 1002 359 1047 manifestabuntur
380 1005 447 1046 omnia
466 1004 575 1059 impiorum
596 1016 668 1059 opera,
694 1016 759 1058 neque
783 1003 846 1045 solum

111 1088 177 1130 opera,
193 1074 228 1117 sed
240 1075 301 1117 etiam
310 1074 377 1131 verba,
391 1089 456 1130 neque
471 1075 536 1117 solum
545 1073 613 1131 rerba,
628 1073 664 1117 sed
678 1074 739 1116 etiam
753 1074 854 1128 cogitata.>

110 1145 256 1187 Minutissimae
268 1147 405 1200 cogitationes,
419 1158 471 1199 quae
486 1144 540 1199 apud
554 1157 590 1186 nos
604 1144 710 1199 viluerunt,
724 1142 848 1184 indiscussae

110 1228 150 1257 non
163 1214 278 1258 manebunt.
303 1213 352 1271 Quis
367 1220 457 1258 nostrum
471 1214 496 1257 de
510 1219 576 1257 aetate
591 1215 652 1258 totius
666 1215 718 1258 ritae
732 1213 848 1257 redditurus

110 1287 263 1344 rationemque
278 1288 372 1331 nimirum
381 1288 441 1331 modo
455 1303 503 1331 usus
517 1287 574 1331 bonis
590 1289 660 1344 animi,
676 1289 770 1344 corporis,
785 1286 848 1331 fortu-

110 1360 163 1403 nae?
181 1360 202 1401 in
221 1372 270 1414 quas
284 1372 316 1401 111
330 1358 450 1414 impenderit
464 1358 517 1400 dona
530 1357 621 1417 Naturae
641 1362 661 1401 et
679 1355 772 1414 gratiae?
800 1355 853 1401 Non,

110 1428 179 1472 licebit
192 1428 221 1472 ibi
235 1431 332 1487 excipere,
346 1444 411 1486 neque
425 1430 529 1486 replicare.
557 1429 612 1473 Reus
627 1428 797 1484 condemnabitur,
811 1442 848 1472 neo

112 1499 190 1543 dicetur
197 1499 271 1556 Quare.
300 1499 354 1556 Quid
361 1499 437 1555 igitur?
452 1498 558 1555 Quomodo
567 1499 625 1556 digne
637 1513 673 1542 nos
683 1499 848 1556 praeparabimus

112 1576 157 1615 ante
173 1585 231 1628 quarn
243 1570 332 1616 [11111111
344 1570 398 1616 istud
411 1571 539 1616 dicasterium
548 1570 682 1616 accedamus?
705 1570 850 1615 Prorolramur

112 1644 133 1684 in
152 1642 191 1685 hac
209 1644 251 1686 rita
269 1642 296 1686 ad
314 1643 375 1699 pedes
393 1643 476 1686 Domini
494 1643 594 1700 supplices
613 1648 633 1686 et
651 1643 736 1698 gratiam
752 1645 849 1698 petentes,

112 1713 172 1757 modo
188 1714 239 1757 enim
253 1713 391 1757 misericordia
405 1713 461 1757 audit
479 1728 549 1757 causas
564 1718 584 1757 et
597 1714 673 1774 iustitia
690 1718 770 1757 exercet
783 1712 850 1756 ferias.

114 1782 174 1839 Quod
188 1786 205 1827 si
219 1784 327 1841 aliquando
341 1786 362 1827 11
376 1790 465 1829 extremo
479 1784 559 1842 iudicio,
574 1784 850 1830 111111111111111111111111

114 1860 134 1898 11
147 1856 285 1900 misericordia
299 1856 400 1901 exercebit
413 1848 480 1914 ferias,
494 1858 571 1901 iustitia
589 1855 627 1901 sibi
645 1857 692 1901 satis
706 1856 783 1900 iactum
796 1856 829 1900 rol
844 1881 851 1889 ·

115 1928 158 1971 erit.
183 1925 298 1971 Offeramus
307 1929 346 1984 ipsi
360 1927 470 1985 Christum,
490 1930 525 1985 qui
539 1928 594 1984 quod
608 1942 648 1970 non
663 1927 732 1971 debuit
750 1928 850 1984 persolvit,

114 2012 139 2041 ne
154 2000 190 2054 qni
204 1998 304 2043 debebant
317 2000 459 2055 persolverent.

297 2293 361 2339 Dom.
375 2293 459 2338 XXIII
471 2293 522 2351 post
536 2293 664 2339 Trinitatis,

171 2410 229 2467 Quae
241 2411 334 2456 Caesaris
345 2416 396 2468 sunt,
412 2410 500 2468 ansari,
516 2423 568 2468 quae
578 2411 618 2455 Dei
626 2411 678 2456 Deo.
702 2411 854 2456 Distribuamus

118 2481 179 2524 officii
193 2485 256 2525 nostri
270 2487 336 2539 partes
351 2487 411 2539 atquc
420 2483 495 2538 munia,
510 2482 575 2526 aDeo
585 2484 624 2526 toti
633 2496 707 2526 sumus.
734 2482 779 2526 Deo
793 2482 855 2538 igitur

118 2557 171 2596 totos
178 2566 214 2595 nos
222 2552 323 2610 debemus,
339 2552 617 2608 eitotcsuosimpendamus:
638 2553 745 2597 offeramus
760 2554 778 2597 ei
793 2554 854 2597 sacri-

118 2623 164 2668 11111
183 2624 300 2679 spiritualia.
330 2622 448 2667 Orationem
466 2624 524 2680 quasi
545 2624 648 2681 spirituale
661 2622 766 2679 >tributum
789 2625 856 2669 anima

119 2694 179 2739 offert
192 2695 237 2738 Ileo
253 2694 277 2738 de
291 2695 399 2740 uisceribus
414 2696 460 2738 1111.
489 2694 531 2738 (lor
542 2701 663 2751 contentum,
679 2710 713 2738 cer
722 2695 855 2753 humiliatum,

120 2781 154 2810 cor
168 2764 226 2809 fidele
241 2766 355 2822 gratissima
368 2769 414 2809 sunt
423 2765 468 2809 Deo
483 2764 588 2811 sacrificia.
617 2765 659 2811 sed
673 2767 760 2810 enimin
774 2766 856 2822 quibus-

119 2837 166 2882 dam
180 2837 293 2882 hominibus
308 2838 369 2881 etiam
383 2835 459 2894 aliquid
472 2835 518 2894 Dei,
533 2851 583 2893 quos
597 2836 663 2882 debito
678 2837 754 2882 bonore
768 2852 808 2881 non
823 2838 856 2882 de-

119 2909 242 2965 fraudemus,
257 2908 400 2953 honorabimus
415 2915 482 2953 autem
491 2907 563 2967 uerbis,
578 2910 673 2967 gestibus,
688 2909 788 2967 operibus.
816 2908 857 2954 Ne·
