1827 3356
106 150 135 195 :34
359 144 586 197 conquassamus,

106 261 180 312 ¹uenisti
198 262 276 313 salium
294 267 361 314 iacere
378 261 435 327 'quod
451 261 550 326 perierat,
572 262 629 326 lapis
643 262 757 313 offensionis
769 279 803 314 -es
815 268 844 313 in·
913 285 914 296 ²

108 339 208 384 credulis?
231 339 285 383 Vere
301 340 439 396 dignumest,
461 344 484 382 ut
504 338 539 394 qui
552 340 774 396 ⁴spiritualibuscculis
788 336 845 383 tuam
911 354 913 356 ’

108 405 233 455 maiestatem
252 414 273 453 et
292 410 410 466 dignitatem
427 410 559 466 introspicere
576 409 695 467 noluerunt,
717 408 846 454 offendantur
911 464 913 468 .

107 476 203 526 exteriori
217 481 282 538 specie
296 486 316 526 et
327 482 493 527 scandalizentur.
522 481 575 526 Vere
590 481 673 537 dignum
689 485 725 537 est,
740 479 764 526 ut
775 482 846 539 quiex

107 546 212 597 miraculis
231 552 356 597 diuinitatem
373 554 484 597 aestimare·
494 550 609 607 noluerunt,
628 552 718 597 videntes
732 554 846 608 passionem

108 621 131 667 et
148 622 233 667 mortem
252 628 308 666 tuam
325 628 345 666 te
364 623 469 679 abnegent.
497 621 558 667 Venit
576 623 643 666 adhuc
655 622 753 677 Christus
765 623 787 666 in
801 638 846 667 con·

108 691 172 739 temta
191 694 294 739 Ecclesiae
312 694 393 751 specie?
414 694 487 738 Nonne
505 694 596 738 Ecclesia
619 691 713 751 parvulus
734 706 785 750 grex
801 691 846 738 est?

109 760 183 810 Nonne
197 780 237 810 ura
250 762 296 823 post
314 765 434 818 vindemiam
447 763 531 809 relicta?
549 763 615 809 nonne
632 765 757 810 ‘assimilatur
771 766 847 810 buboni

99 837 242 886 ,solitudinum
264 842 283 880 et
303 832 383 893 passeri
402 836 492 881 solitario
513 851 573 894 snper
593 836 684 881 tectrun?
709 836 735 880 In
754 837 847 881 Ecclesia

111 907 199 953 fatemur
217 903 260 952 esse
278 907 340 952 bonos
360 911 380 952 et
398 904 467 961 malos,
488 907 524 951 scd
542 912 639 965 tanquam
658 923 721 964 grana
737 912 758 952 et
771 909 847 966 paleas.

109 978 191 1025 ¹Beatus
205 980 266 1036 igitur
281 981 315 1035 qui
329 979 368 1023 hac
380 972 484 1023 Ecclesiae
498 980 563 1036 specie
576 995 617 1024 non
627 981 779 1024 scandalizatur.
806 980 853 1024 Imm

111 1047 177 1107 ‘pediri
195 1064 235 1093 non
254 1050 313 1092 debet
330 1053 365 1092 aut
376 1049 425 1092 fides
440 1053 475 1092 aut
489 1049 576 1092 charitas
589 1053 662 1102 nostra,
681 1053 704 1092 ut
718 1050 812 1105 quoniam
823 1049 848 1091 zia

112 1120 169 1164 zania
189 1133 231 1163 esse
251 1118 272 1162 in
290 1119 375 1163 ecclesia
393 1112 499 1164 cernamus
517 1118 562 1176 ipsi
574 1119 599 1163 de
616 1119 707 1163 Ecclesia
724 1120 848 1165 recedamus.

113 1191 175 1238 Venit
195 1190 260 1235 adhuc
280 1189 374 1234 Christus
394 1191 415 1234 in
436 1194 537 1234 contemta
559 1192 623 1248 specie
643 1193 742 1248 pauperis.
774 1191 848 1235 Manus

110 1262 207 1320 pauperis
231 1261 337 1305 thesaurus
363 1262 419 1306 coeli.
463 1262 542 1306 Dextra
566 1263 642 1318 egentis
667 1262 774 1306 thesaurus
793 1262 849 1307 inex-

113 1328 225 1379 liansibilis.
253 1332 330 1377 Beatus
348 1335 384 1389 qui
401 1333 434 1377 liic
452 1337 498 1377 non*
511 1334 662 1378 scandalizatur.
690 1333 767 1390 Utique
785 1336 802 1377 si
815 1349 850 1392 ap·

113 1395 194 1461 pareret
208 1405 293 1460 dignitas
312 1394 508 1461 pauperisinterior,
525 1420 564 1448 non
578 1409 621 1448 tam
634 1398 724 1461 grauiter
738 1403 850 1449 offenderet

113 1490 150 1520 nos
170 1478 272 1520 contemta
286 1475 361 1531 species
376 1477 468 1520 exterior.
496 1475 556 1532 Quod
569 1490 647 1532 pauper
661 1478 739 1533 accipit
758 1476 850 1521 Christus

112 1543 212 1604 acceptat.
241 1544 282 1603 Qui
299 1560 339 1590 non
358 1546 393 1591 dat
406 1561 443 1604 pro
458 1546 539 1590 Ohristc
557 1548 698 1603 temporalem
711 1543 862 1603 substantiam.

115 1618 216 1674 quomodo
242 1632 278 1673 pro
304 1618 347 1674 ipsc
370 1618 453 1662 daturus
476 1623 529 1661 esset
550 1617 651 1661 animam?
685 1617 767 1675 Quoties
790 1618 851 1675 igitur

113 1688 201 1731 Christo
209 1686 245 1745 pro
260 1690 347 1745 acceptis
361 1689 462 1731 beneficiis
472 1689 580 1743 gratificari
589 1689 681 1744 uolueris,
695 1690 721 1732 da
729 1688 852 1745 pauperibus

116 1774 165 1816 quos
174 1755 272 1804 'Christus
286 1759 330 1802 loco
344 1758 426 1803 risibilis
441 1773 488 1803 suae
500 1759 626 1816 praesentiae
636 1759 693 1803 uobis
703 1761 790 1815 reliquit.
818 1760 852 1804 Da

115 1834 195 1887 partein
213 1831 270 1888 panis
286 1832 379 1887 pauperi,
397 1844 433 1886 pro
451 1844 491 1886 quc
510 1831 572 1873 uitam
586 1844 660 1886 ponere
675 1845 759 1887 semper
768 1828 852 1888 paratus

117 1899 159 1946 esse
181 1901 248 1946 debes.
282 1900 343 1946 Venit
356 1901 422 1946 adhuc
436 1900 527 1946 Christus
541 1903 678 1945 in‘contemta
697 1903 768 1958 specie.
798 1901 853 1957 Quid

117 1974 170 2016 euim
183 1968 253 2027 iugum
267 1970 344 2027 Christi
358 1987 417 2027 quam
431 1986 480 2014 crux
494 1975 514 2014 et
527 1971 649 2015 calamitas?
676 1971 759 2014 Beatus
767 1972 804 2027 qui
814 1973 853 2020 hac

116 2040 191 2087 Christi
209 2042 276 2099 specie
295 2057 335 2085 non
354 2042 507 2086 scandalizatur.
535 2040 597 2089 Venit
615 2042 641 2085 ad
659 2045 680 2086 te
696 2041 789 2087 Christus
807 2040 854 2087 cum

113 2108 167 2165 satiro
182 2116 202 2158 et
215 2111 303 2169 argento,
323 2128 368 2157 cum
387 2113 477 2169 sanitate,
493 2128 537 2157 cum
555 2112 713 2169 honorificentia,
729 2127 774 2156 cum
787 2115 854 2169 quiete

118 2198 133 2228 a
144 2180 289 2228 tentationibus
302 2184 357 2227 intus
372 2187 392 2227 et
405 2181 460 2241 foris,
475 2185 546 2241 recipis
558 2199 609 2239 eum,
619 2183 696 2241 laudas,
712 2185 786 2240 gratias
801 2186 853 2241 agis:

114 2250 202 2299 dubium
213 2254 262 2300 mihi
276 2258 313 2311 est,
328 2270 354 2299 an
367 2270 408 2299 nou
422 2269 505 2299 munera
514 2253 591 2299 Christi
604 2257 671 2310 potius
681 2271 742 2311 quam
747 2253 855 2300 ¹Christum

115 2326 199 2381 diligas.
225 2324 265 2380 Qiri
279 2323 381 2368 Christum
392 2324 465 2382 diligit
481 2325 513 2369 uel
530 2325 550 2368 in
570 2340 593 2368 eo
613 2331 681 2382 sperat
691 2340 735 2382 pro
750 2326 854 2371 commodo

119 2398 230 2453 temporali,
245 2396 292 2439 tolle
303 2396 434 2452 commodum,
445 2392 560 2453 desperabit
569 2399 590 2440 et
599 2396 669 2441 oderit.
692 2395 754 2443 Venit
763 2396 855 2442 Christus

119 2468 246 2511 incomitatus
258 2467 288 2510 his
301 2467 398 2524 omnibus,
412 2467 448 2512 sed
457 2482 503 2510 cum
512 2468 613 2524 pauperie,
628 2467 757 2525 aegritudine,
772 2469 856 2513 tribula·
870 2483 871 2486 ¹

119 2540 181 2595 done,
196 2540 213 2582 si
226 2541 304 2595 perstas
317 2539 338 2582 in
352 2553 427 2595 amore,
442 2538 459 2583 si
472 2539 493 2582 in
507 2539 618 2595 gratiarum
632 2540 716 2594 actione,
731 2539 791 2583 modo
806 2554 855 2596 opus

121 2610 221 2653 amicitiae
240 2609 328 2653 ostendis
341 2609 458 2666 perfectum.
488 2608 548 2655 Venit
562 2609 627 2652 adhuc
642 2608 735 2653 Christus
751 2612 773 2653 in
786 2610 855 2655 Verbo

121 2685 142 2724 et
155 2679 296 2726 Sacramentis.
329 2680 405 2724 Beatus
426 2681 461 2737 qui
480 2694 521 2724 uon
541 2680 694 2725 scandalizatur.
726 2680 803 2726 Beatus
823 2683 857 2739 qui

121 2753 220 2797 uiolentos
234 2755 304 2808 raptus
319 2756 339 2796 et
352 2754 492 2809 inspirationes
506 2753 601 2806 relinquit
610 2752 707 2808 fanaticis,
727 2767 739 2795 a
753 2752 821 2797 Verbo
837 2759 857 2795 et

122 2822 257 2868 Sacramentis
275 2827 378 2879 tamquam
396 2822 525 2867 beatissimae
545 2823 614 2867 matris
637 2822 740 2867 Ecclesiae
761 2822 857 2869 uberibus

117 2895 217 2950 pendens.
250 2893 341 2937 Verbum
361 2897 391 2937 est
409 2893 495 2950 Spiritus
514 2892 584 2938 Sancti
604 2894 723 2950 vehiculum,
736 2894 858 2952 >ubicunque
