<?xml version="1.0" encoding="UTF-8"?>
<!DOCTYPE html PUBLIC "-//W3C//DTD XHTML 1.0 Transitional//EN"
    "http://www.w3.org/TR/xhtml1/DTD/xhtml1-transitional.dtd">
<html xmlns="http://www.w3.org/1999/xhtml" xml:lang="en" lang="en">
 <head>
  <title>
</title>
<meta http-equiv="Content-Type" content="text/html;charset=utf-8" />
  <meta name='ocr-system' content='tesseract 3.04.00' />
  <meta name='ocr-capabilities' content='ocr_page ocr_carea ocr_par ocr_line ocrx_word'/>
</head>
<body>
  <div class='ocr_page' id='page_1' title='image "./MN41783ucmf_6_0039.png"; bbox 0 0 1801 3306; ppageno 0'>
   <div class='ocr_carea' id='block_1_1' title="bbox 329 138 821 185">
    <p class='ocr_par' dir='ltr' id='par_1_1' title="bbox 329 138 821 185">
     <span class='ocr_line' id='line_1_1' title="bbox 329 138 821 185; baseline 0.014 -9"><span class='ocrx_word' id='word_1_1' title='bbox 329 139 380 176; x_wconf 84' lang='lat' dir='ltr'>Dom.</span> <span class='ocrx_word' id='word_1_2' title='bbox 391 138 439 176; x_wconf 81' lang='grc' dir='ltr'>ΧΙΠ</span> <span class='ocrx_word' id='word_1_3' title='bbox 449 151 466 185; x_wconf 86' lang='lat' dir='ltr'>p.</span> <span class='ocrx_word' id='word_1_4' title='bbox 478 138 572 178; x_wconf 75' lang='lat' dir='ltr'>Trinitatis</span> <span class='ocrx_word' id='word_1_5' title='bbox 739 177 741 180; x_wconf 79' lang='grc'>,</span> <span class='ocrx_word' id='word_1_6' title='bbox 797 143 821 183; x_wconf 85' lang='grc'>13</span> 
     </span>
    </p>
   </div>
   <div class='ocr_carea' id='block_1_2' title="bbox 47 257 827 1170">
    <p class='ocr_par' dir='ltr' id='par_1_2' title="bbox 47 257 827 1170">
     <span class='ocr_line' id='line_1_2' title="bbox 76 257 822 308; baseline 0 -6"><span class='ocrx_word' id='word_1_7' title='bbox 76 259 233 303; x_wconf 53' lang='lat' dir='ltr'>»tormentorum</span> <span class='ocrx_word' id='word_1_8' title='bbox 246 257 341 304; x_wconf 79' lang='lat' dir='ltr'>ascendet</span> <span class='ocrx_word' id='word_1_9' title='bbox 354 257 380 303; x_wconf 92' lang='lat' dir='ltr'>ab</span> <span class='ocrx_word' id='word_1_10' title='bbox 394 262 475 303; x_wconf 85' lang='lat' dir='ltr'>aeterno</span> <span class='ocrx_word' id='word_1_11' title='bbox 488 258 509 303; x_wconf 91' lang='lat' dir='ltr'>in</span> <span class='ocrx_word' id='word_1_12' title='bbox 523 262 631 306; x_wconf 87' lang='lat' dir='ltr'>aeternum.</span> <span class='ocrx_word' id='word_1_13' title='bbox 660 258 741 308; x_wconf 84' lang='lat' dir='ltr'>Vernis</span> <span class='ocrx_word' id='word_1_14' title='bbox 753 272 822 303; x_wconf 89' lang='lat' dir='ltr'>eorum</span> 
     </span>
     <span class='ocr_line' id='line_1_3' title="bbox 86 329 823 389; baseline -0.001 -15"><span class='ocrx_word' id='word_1_15' title='bbox 86 345 127 385; x_wconf 87' lang='lat' dir='ltr'>non</span> <span class='ocrx_word' id='word_1_16' title='bbox 140 329 262 375; x_wconf 62' lang='lat' dir='ltr'>moritur&#39;et</span> <span class='ocrx_word' id='word_1_17' title='bbox 279 331 331 387; x_wconf 83' lang='lat' dir='ltr'>ignia</span> <span class='ocrx_word' id='word_1_18' title='bbox 349 341 390 375; x_wconf 88' lang='lat' dir='ltr'>non</span> <span class='ocrx_word' id='word_1_19' title='bbox 409 331 537 389; x_wconf 67' lang='lat' dir='ltr'>extinguitur.</span> <span class='ocrx_word' id='word_1_20' title='bbox 564 331 615 377; x_wconf 86' lang='lat' dir='ltr'>Post</span> <span class='ocrx_word' id='word_1_21' title='bbox 631 346 728 377; x_wconf 90' lang='lat' dir='ltr'>annorum</span> <span class='ocrx_word' id='word_1_22' title='bbox 742 334 823 374; x_wconf 85' lang='lat' dir='ltr'>eentum</span> 
     </span>
     <span class='ocr_line' id='line_1_4' title="bbox 86 400 824 447; baseline 0 -4"><span class='ocrx_word' id='word_1_23' title='bbox 86 401 140 444; x_wconf 75' lang='lat' dir='ltr'>mille</span> <span class='ocrx_word' id='word_1_24' title='bbox 154 403 217 445; x_wconf 75' lang='lat' dir='ltr'>miliia</span> <span class='ocrx_word' id='word_1_25' title='bbox 233 405 359 445; x_wconf 84' lang='lat' dir='ltr'>revertentur</span> <span class='ocrx_word' id='word_1_26' title='bbox 377 405 420 445; x_wconf 84' lang='lat' dir='ltr'>sine</span> <span class='ocrx_word' id='word_1_27' title='bbox 437 402 477 446; x_wconf 85' lang='lat' dir='ltr'>fine</span> <span class='ocrx_word' id='word_1_28' title='bbox 502 402 592 446; x_wconf 77' lang='lat' dir='ltr'>rediviva</span> <span class='ocrx_word' id='word_1_29' title='bbox 604 406 710 447; x_wconf 84' lang='lat' dir='ltr'>tormenta.</span> <span class='ocrx_word' id='word_1_30' title='bbox 737 401 771 446; x_wconf 78' lang='lat' dir='ltr'>Iu</span> <span class='ocrx_word' id='word_1_31' title='bbox 786 400 824 444; x_wconf 88' lang='lat' dir='ltr'>erit</span> 
     </span>
     <span class='ocr_line' id='line_1_5' title="bbox 87 470 824 530; baseline 0.001 -16"><span class='ocrx_word' id='word_1_32' title='bbox 87 470 145 528; x_wconf 86' lang='lat' dir='ltr'>ignis,</span> <span class='ocrx_word' id='word_1_33' title='bbox 159 475 218 516; x_wconf 89' lang='lat' dir='ltr'>erunt</span> <span class='ocrx_word' id='word_1_34' title='bbox 227 476 271 516; x_wconf 89' lang='lat' dir='ltr'>tum</span> <span class='ocrx_word' id='word_1_35' title='bbox 279 472 341 515; x_wconf 86' lang='lat' dir='ltr'>etiam</span> <span class='ocrx_word' id='word_1_36' title='bbox 349 472 455 528; x_wconf 75' lang='lat' dir='ltr'>tenebrae3</span> <span class='ocrx_word' id='word_1_37' title='bbox 469 472 521 530; x_wconf 85' lang='lat' dir='ltr'>ignis</span> <span class='ocrx_word' id='word_1_38' title='bbox 531 472 570 516; x_wconf 84' lang='lat' dir='ltr'>erit</span> <span class='ocrx_word' id='word_1_39' title='bbox 579 472 666 530; x_wconf 86' lang='lat' dir='ltr'>quidem,</span> <span class='ocrx_word' id='word_1_40' title='bbox 677 473 711 517; x_wconf 86' lang='lat' dir='ltr'>sed</span> <span class='ocrx_word' id='word_1_41' title='bbox 722 471 824 529; x_wconf 87' lang='lat' dir='ltr'>separabi-</span> 
     </span>
     <span class='ocr_line' id='line_1_6' title="bbox 87 542 824 600; baseline 0.003 -15"><span class='ocrx_word' id='word_1_42' title='bbox 87 545 122 586; x_wconf 92' lang='lat' dir='ltr'>tur</span> <span class='ocrx_word' id='word_1_43' title='bbox 138 543 218 588; x_wconf 78' lang='lat' dir='ltr'>ebaritas</span> <span class='ocrx_word' id='word_1_44' title='bbox 236 544 258 587; x_wconf 88' lang='lat' dir='ltr'>in</span> <span class='ocrx_word' id='word_1_45' title='bbox 277 542 372 598; x_wconf 85' lang='lat' dir='ltr'>gaudium</span> <span class='ocrx_word' id='word_1_46' title='bbox 392 547 512 600; x_wconf 81' lang='lat' dir='ltr'>sanatorum,</span> <span class='ocrx_word' id='word_1_47' title='bbox 527 543 639 587; x_wconf 79' lang='lat' dir='ltr'>remanebit</span> <span class='ocrx_word' id='word_1_48' title='bbox 655 545 717 588; x_wconf 83' lang='lat' dir='ltr'>virtus</span> <span class='ocrx_word' id='word_1_49' title='bbox 731 543 824 589; x_wconf 86' lang='lat' dir='ltr'>adustira</span> 
     </span>
     <span class='ocr_line' id='line_1_7' title="bbox 88 614 824 673; baseline 0 -14"><span class='ocrx_word' id='word_1_50' title='bbox 88 614 110 659; x_wconf 90' lang='lat' dir='ltr'>in</span> <span class='ocrx_word' id='word_1_51' title='bbox 130 618 251 660; x_wconf 86' lang='lat' dir='ltr'>tormentum</span> <span class='ocrx_word' id='word_1_52' title='bbox 270 614 417 663; x_wconf 81' lang='lat' dir='ltr'>damnatorum.</span> <span class='ocrx_word' id='word_1_53' title='bbox 446 615 543 673; x_wconf 71' lang='lat' dir='ltr'>Quamuis</span> <span class='ocrx_word' id='word_1_54' title='bbox 562 618 629 660; x_wconf 88' lang='lat' dir='ltr'>autem</span> <span class='ocrx_word' id='word_1_55' title='bbox 647 618 690 659; x_wconf 87' lang='lat' dir='ltr'>tum</span> <span class='ocrx_word' id='word_1_56' title='bbox 704 616 824 660; x_wconf 81' lang='lat' dir='ltr'>exteriorum</span> 
     </span>
     <span class='ocr_line' id='line_1_8' title="bbox 89 686 824 744; baseline 0 -14"><span class='ocrx_word' id='word_1_57' title='bbox 89 689 130 730; x_wconf 88' lang='lat' dir='ltr'>tum</span> <span class='ocrx_word' id='word_1_58' title='bbox 145 686 263 730; x_wconf 88' lang='lat' dir='ltr'>interiorum</span> <span class='ocrx_word' id='word_1_59' title='bbox 277 701 371 731; x_wconf 83' lang='lat' dir='ltr'>sensuum</span> <span class='ocrx_word' id='word_1_60' title='bbox 384 701 460 744; x_wconf 90' lang='lat' dir='ltr'>poenae</span> <span class='ocrx_word' id='word_1_61' title='bbox 470 690 529 731; x_wconf 92' lang='lat' dir='ltr'>erunt</span> <span class='ocrx_word' id='word_1_62' title='bbox 538 687 659 742; x_wconf 80' lang='lat' dir='ltr'>innumerae,</span> <span class='ocrx_word' id='word_1_63' title='bbox 682 690 748 731; x_wconf 90' lang='lat' dir='ltr'>tamen</span> <span class='ocrx_word' id='word_1_64' title='bbox 756 687 824 731; x_wconf 89' lang='lat' dir='ltr'>Deum</span> 
     </span>
     <span class='ocr_line' id='line_1_9' title="bbox 90 755 824 815; baseline 0.003 -16"><span class='ocrx_word' id='word_1_65' title='bbox 90 769 130 813; x_wconf 89' lang='lat' dir='ltr'>non</span> <span class='ocrx_word' id='word_1_66' title='bbox 148 757 215 800; x_wconf 84' lang='lat' dir='ltr'>ridere</span> <span class='ocrx_word' id='word_1_67' title='bbox 234 761 315 814; x_wconf 89' lang='lat' dir='ltr'>superat</span> <span class='ocrx_word' id='word_1_68' title='bbox 327 758 394 802; x_wconf 86' lang='lat' dir='ltr'>omnia</span> <span class='ocrx_word' id='word_1_69' title='bbox 408 757 518 804; x_wconf 79' lang='lat' dir='ltr'>Gehennae</span> <span class='ocrx_word' id='word_1_70' title='bbox 536 756 641 815; x_wconf 89' lang='lat' dir='ltr'>supplioia.</span> <span class='ocrx_word' id='word_1_71' title='bbox 669 755 750 814; x_wconf 71' lang='lat' dir='ltr'>Cogitat</span> <span class='ocrx_word' id='word_1_72' title='bbox 768 757 824 802; x_wconf 83' lang='lat' dir='ltr'>deni·</span> 
     </span>
     <span class='ocr_line' id='line_1_10' title="bbox 47 828 825 887; baseline 0 -16"><span class='ocrx_word' id='word_1_73' title='bbox 47 855 49 857; x_wconf 93' lang='lat'><em>-</em></span> <span class='ocrx_word' id='word_1_74' title='bbox 90 841 129 884; x_wconf 89' lang='lat' dir='ltr'>que</span> <span class='ocrx_word' id='word_1_75' title='bbox 143 829 220 871; x_wconf 88' lang='lat' dir='ltr'>animus</span> <span class='ocrx_word' id='word_1_76' title='bbox 233 828 319 873; x_wconf 87' lang='lat' dir='ltr'>hominis</span> <span class='ocrx_word' id='word_1_77' title='bbox 339 828 472 885; x_wconf 79' lang='lat' dir='ltr'>obstinatum,</span> <span class='ocrx_word' id='word_1_78' title='bbox 492 844 551 886; x_wconf 87' lang='lat' dir='ltr'>quem</span> <span class='ocrx_word' id='word_1_79' title='bbox 569 843 610 873; x_wconf 86' lang='lat' dir='ltr'>non</span> <span class='ocrx_word' id='word_1_80' title='bbox 626 832 730 886; x_wconf 80' lang='lat' dir='ltr'>permovet</span> <span class='ocrx_word' id='word_1_81' title='bbox 747 828 825 887; x_wconf 84' lang='lat' dir='ltr'>peooati</span> 
     </span>
     <span class='ocr_line' id='line_1_11' title="bbox 90 899 825 958; baseline 0 -15"><span class='ocrx_word' id='word_1_82' title='bbox 90 900 183 956; x_wconf 82' lang='lat' dir='ltr'>gravitas,</span> <span class='ocrx_word' id='word_1_83' title='bbox 197 914 262 957; x_wconf 88' lang='lat' dir='ltr'>neque</span> <span class='ocrx_word' id='word_1_84' title='bbox 272 899 373 945; x_wconf 78' lang='lat' dir='ltr'>infernalis</span> <span class='ocrx_word' id='word_1_85' title='bbox 382 915 458 958; x_wconf 91' lang='lat' dir='ltr'>poenae</span> <span class='ocrx_word' id='word_1_86' title='bbox 473 900 587 945; x_wconf 84' lang='lat' dir='ltr'>aeternitas.</span> <span class='ocrx_word' id='word_1_87' title='bbox 616 900 712 957; x_wconf 75' lang='lat' dir='ltr'>Corporis</span> <span class='ocrx_word' id='word_1_88' title='bbox 724 900 825 944; x_wconf 86' lang='lat' dir='ltr'>interitum</span> 
     </span>
     <span class='ocr_line' id='line_1_12' title="bbox 90 970 825 1028; baseline 0 -15"><span class='ocrx_word' id='word_1_89' title='bbox 90 970 176 1013; x_wconf 91' lang='lat' dir='ltr'>immane</span> <span class='ocrx_word' id='word_1_90' title='bbox 191 985 250 1026; x_wconf 87' lang='lat' dir='ltr'>quem</span> <span class='ocrx_word' id='word_1_91' title='bbox 264 971 346 1015; x_wconf 86' lang='lat' dir='ltr'>horrent</span> <span class='ocrx_word' id='word_1_92' title='bbox 360 986 438 1028; x_wconf 86' lang='lat' dir='ltr'>omnes,</span> <span class='ocrx_word' id='word_1_93' title='bbox 458 971 505 1028; x_wconf 86' lang='lat' dir='ltr'>quia</span> <span class='ocrx_word' id='word_1_94' title='bbox 523 971 597 1015; x_wconf 81' lang='lat' dir='ltr'>oeoulis</span> <span class='ocrx_word' id='word_1_95' title='bbox 611 971 704 1015; x_wconf 82' lang='lat' dir='ltr'>rideatur</span> <span class='ocrx_word' id='word_1_96' title='bbox 718 971 825 1027; x_wconf 78' lang='lat' dir='ltr'>corporeis,</span> 
     </span>
     <span class='ocr_line' id='line_1_13' title="bbox 93 1040 826 1099; baseline 0 -15"><span class='ocrx_word' id='word_1_97' title='bbox 93 1040 180 1085; x_wconf 87' lang='lat' dir='ltr'>animam</span> <span class='ocrx_word' id='word_1_98' title='bbox 198 1055 245 1086; x_wconf 82' lang='lat' dir='ltr'>uero</span> <span class='ocrx_word' id='word_1_99' title='bbox 258 1043 387 1097; x_wconf 89' lang='lat' dir='ltr'>morientem,</span> <span class='ocrx_word' id='word_1_100' title='bbox 407 1042 501 1099; x_wconf 87' lang='lat' dir='ltr'>quoniam</span> <span class='ocrx_word' id='word_1_101' title='bbox 514 1057 573 1087; x_wconf 91' lang='lat' dir='ltr'>nemo</span> <span class='ocrx_word' id='word_1_102' title='bbox 589 1042 647 1099; x_wconf 83' lang='lat' dir='ltr'>ridet,</span> <span class='ocrx_word' id='word_1_103' title='bbox 662 1042 722 1099; x_wconf 87' lang='lat' dir='ltr'>pauoi</span> <span class='ocrx_word' id='word_1_104' title='bbox 736 1040 826 1097; x_wconf 79' lang='lat' dir='ltr'>eredunt,</span> 
     </span>
     <span class='ocr_line' id='line_1_14' title="bbox 92 1112 827 1170; baseline 0 -14"><span class='ocrx_word' id='word_1_105' title='bbox 92 1112 205 1170; x_wconf 78' lang='lat' dir='ltr'>paucissimi</span> <span class='ocrx_word' id='word_1_106' title='bbox 225 1112 339 1159; x_wconf 84' lang='lat' dir='ltr'>formidant.</span> <span class='ocrx_word' id='word_1_107' title='bbox 376 1112 462 1170; x_wconf 69' lang='lat' dir='ltr'>Quando</span> <span class='ocrx_word' id='word_1_108' title='bbox 489 1114 550 1170; x_wconf 86' lang='lat' dir='ltr'>igitur</span> <span class='ocrx_word' id='word_1_109' title='bbox 571 1112 664 1158; x_wconf 70' lang='lat' dir='ltr'>Christus</span> <span class='ocrx_word' id='word_1_110' title='bbox 687 1115 770 1170; x_wconf 86' lang='lat' dir='ltr'>propter</span> <span class='ocrx_word' id='word_1_111' title='bbox 789 1126 827 1156; x_wconf 85' lang='lat' dir='ltr'>nos</span> 
     </span>
    </p>
   </div>
   <div class='ocr_carea' id='block_1_3' title="bbox 93 1183 827 1296">
    <p class='ocr_par' dir='ltr' id='par_1_3' title="bbox 93 1183 827 1296">
     <span class='ocr_line' id='line_1_15' title="bbox 93 1183 827 1240; baseline 0.001 -16"><span class='ocrx_word' id='word_1_112' title='bbox 93 1184 174 1238; x_wconf 73' lang='lat' dir='ltr'>gemuit,</span> <span class='ocrx_word' id='word_1_113' title='bbox 190 1198 226 1225; x_wconf 86' lang='lat' dir='ltr'>our</span> <span class='ocrx_word' id='word_1_114' title='bbox 240 1197 279 1225; x_wconf 90' lang='lat' dir='ltr'>non</span> <span class='ocrx_word' id='word_1_115' title='bbox 292 1185 331 1227; x_wconf 84' lang='lat' dir='ltr'>toti</span> <span class='ocrx_word' id='word_1_116' title='bbox 343 1184 365 1226; x_wconf 92' lang='lat' dir='ltr'>in</span> <span class='ocrx_word' id='word_1_117' title='bbox 379 1184 464 1239; x_wconf 78' lang='lat' dir='ltr'>gemitus</span> <span class='ocrx_word' id='word_1_118' title='bbox 486 1188 547 1240; x_wconf 87' lang='lat' dir='ltr'>atque</span> <span class='ocrx_word' id='word_1_119' title='bbox 559 1184 670 1240; x_wconf 78' lang='lat' dir='ltr'>iaehnpmas</span> <span class='ocrx_word' id='word_1_120' title='bbox 685 1183 741 1227; x_wconf 88' lang='lat' dir='ltr'>abire</span> <span class='ocrx_word' id='word_1_121' title='bbox 759 1196 827 1238; x_wconf 84' lang='lat' dir='ltr'>preae-</span> 
     </span>
     <span class='ocr_line' id='line_1_16' title="bbox 95 1251 155 1296; baseline -0.017 0"><span class='ocrx_word' id='word_1_122' title='bbox 95 1251 155 1296; x_wconf 84' lang='lat' dir='ltr'>mur?</span> 
     </span>
    </p>
   </div>
   <div class='ocr_carea' id='block_1_4' title="bbox 285 1549 629 1608">
    <p class='ocr_par' dir='ltr' id='par_1_4' title="bbox 285 1549 629 1608">
     <span class='ocr_line' id='line_1_17' title="bbox 285 1549 629 1608; baseline 0.003 -14"><span class='ocrx_word' id='word_1_123' title='bbox 285 1549 349 1594; x_wconf 80' lang='lat' dir='ltr'>Dum.</span> <span class='ocrx_word' id='word_1_124' title='bbox 363 1549 424 1594; x_wconf 82' lang='lat' dir='ltr'>XIII</span> <span class='ocrx_word' id='word_1_125' title='bbox 438 1550 490 1608; x_wconf 90' lang='lat' dir='ltr'>post</span> <span class='ocrx_word' id='word_1_126' title='bbox 501 1549 629 1596; x_wconf 72' lang='lat' dir='ltr'>Trinitatis.</span> 
     </span>
    </p>
   </div>
   <div class='ocr_carea' id='block_1_5' title="bbox 43 1667 837 2939">
    <p class='ocr_par' dir='ltr' id='par_1_5' title="bbox 43 1667 837 2939">
     <span class='ocr_line' id='line_1_18' title="bbox 147 1667 829 1725; baseline 0 -14"><span class='ocrx_word' id='word_1_127' title='bbox 147 1668 228 1711; x_wconf 81' lang='lat' dir='ltr'>Primus</span> <span class='ocrx_word' id='word_1_128' title='bbox 241 1671 309 1712; x_wconf 89' lang='lat' dir='ltr'>noster</span> <span class='ocrx_word' id='word_1_129' title='bbox 322 1682 395 1725; x_wconf 85' lang='lat' dir='ltr'>parens</span> <span class='ocrx_word' id='word_1_130' title='bbox 410 1668 436 1711; x_wconf 85' lang='lat' dir='ltr'>ad</span> <span class='ocrx_word' id='word_1_131' title='bbox 448 1667 545 1712; x_wconf 89' lang='lat' dir='ltr'>honorem</span> <span class='ocrx_word' id='word_1_132' title='bbox 560 1671 603 1712; x_wconf 89' lang='lat' dir='ltr'>erat</span> <span class='ocrx_word' id='word_1_133' title='bbox 617 1668 707 1712; x_wconf 80' lang='lat' dir='ltr'>eleuatis</span> <span class='ocrx_word' id='word_1_134' title='bbox 720 1668 829 1711; x_wconf 90' lang='lat' dir='ltr'>maximum</span> 
     </span>
     <span class='ocr_line' id='line_1_19' title="bbox 96 1738 830 1795; baseline -0.003 -12"><span class='ocrx_word' id='word_1_135' title='bbox 96 1741 144 1795; x_wconf 82' lang='lat' dir='ltr'>quia</span> <span class='ocrx_word' id='word_1_136' title='bbox 157 1739 183 1783; x_wconf 82' lang='lat' dir='ltr'>ad</span> <span class='ocrx_word' id='word_1_137' title='bbox 202 1739 350 1783; x_wconf 77' lang='lat' dir='ltr'>similitudinem</span> <span class='ocrx_word' id='word_1_138' title='bbox 362 1739 403 1782; x_wconf 91' lang='lat' dir='ltr'>Dei</span> <span class='ocrx_word' id='word_1_139' title='bbox 420 1739 491 1783; x_wconf 78' lang='lat' dir='ltr'>iaetus.</span> <span class='ocrx_word' id='word_1_140' title='bbox 520 1739 580 1782; x_wconf 85' lang='lat' dir='ltr'>Haeo</span> <span class='ocrx_word' id='word_1_141' title='bbox 598 1741 665 1794; x_wconf 86' lang='lat' dir='ltr'>imago</span> <span class='ocrx_word' id='word_1_142' title='bbox 685 1744 728 1782; x_wconf 89' lang='lat' dir='ltr'>erat</span> <span class='ocrx_word' id='word_1_143' title='bbox 752 1738 830 1782; x_wconf 75' lang='lat' dir='ltr'>eonfor-</span> 
     </span>
     <span class='ocr_line' id='line_1_20' title="bbox 94 1800 831 1868; baseline 0 -15"><span class='ocrx_word' id='word_1_144' title='bbox 94 1800 153 1854; x_wconf 87' lang='lat' dir='ltr'>mitas</span> <span class='ocrx_word' id='word_1_145' title='bbox 168 1824 214 1853; x_wconf 88' lang='lat' dir='ltr'>oum</span> <span class='ocrx_word' id='word_1_146' title='bbox 223 1809 342 1867; x_wconf 74' lang='lat' dir='ltr'>archetypo:</span> <span class='ocrx_word' id='word_1_147' title='bbox 356 1810 434 1868; x_wconf 71' lang='lat' dir='ltr'>mentis,</span> <span class='ocrx_word' id='word_1_148' title='bbox 449 1810 555 1854; x_wconf 74' lang='lat' dir='ltr'>voluntatis</span> <span class='ocrx_word' id='word_1_149' title='bbox 570 1814 590 1853; x_wconf 88' lang='lat' dir='ltr'>et</span> <span class='ocrx_word' id='word_1_150' title='bbox 604 1809 670 1854; x_wconf 75' lang='lat' dir='ltr'>cordis</span> <span class='ocrx_word' id='word_1_151' title='bbox 684 1811 766 1868; x_wconf 84' lang='lat' dir='ltr'>puritas.</span> <span class='ocrx_word' id='word_1_152' title='bbox 792 1809 831 1856; x_wconf 91' lang='lat' dir='ltr'>Ne·</span> 
     </span>
     <span class='ocr_line' id='line_1_21' title="bbox 99 1881 830 1939; baseline -0.001 -13"><span class='ocrx_word' id='word_1_153' title='bbox 99 1896 137 1939; x_wconf 88' lang='lat' dir='ltr'>que</span> <span class='ocrx_word' id='word_1_154' title='bbox 152 1883 204 1925; x_wconf 88' lang='lat' dir='ltr'>enim</span> <span class='ocrx_word' id='word_1_155' title='bbox 223 1897 233 1925; x_wconf 90' lang='lat' dir='ltr'>e</span> <span class='ocrx_word' id='word_1_156' title='bbox 252 1896 287 1925; x_wconf 88' lang='lat' dir='ltr'>suo</span> <span class='ocrx_word' id='word_1_157' title='bbox 307 1882 381 1937; x_wconf 89' lang='lat' dir='ltr'>gremio</span> <span class='ocrx_word' id='word_1_158' title='bbox 403 1887 458 1925; x_wconf 89' lang='lat' dir='ltr'>terra</span> <span class='ocrx_word' id='word_1_159' title='bbox 476 1881 566 1937; x_wconf 74' lang='lat' dir='ltr'>profudit</span> <span class='ocrx_word' id='word_1_160' title='bbox 584 1882 685 1926; x_wconf 83' lang='lat' dir='ltr'>hominem</span> <span class='ocrx_word' id='word_1_161' title='bbox 703 1887 725 1924; x_wconf 89' lang='lat' dir='ltr'>ut</span> <span class='ocrx_word' id='word_1_162' title='bbox 744 1882 830 1939; x_wconf 74' lang='lat' dir='ltr'>cicadas,</span> 
     </span>
     <span class='ocr_line' id='line_1_22' title="bbox 98 1952 830 2009; baseline -0.001 -12"><span class='ocrx_word' id='word_1_163' title='bbox 98 1967 162 2009; x_wconf 88' lang='lat' dir='ltr'>neque</span> <span class='ocrx_word' id='word_1_164' title='bbox 181 1952 265 2009; x_wconf 76' lang='lat' dir='ltr'>Angelis</span> <span class='ocrx_word' id='word_1_165' title='bbox 288 1952 338 1996; x_wconf 82' lang='lat' dir='ltr'>iliud</span> <span class='ocrx_word' id='word_1_166' title='bbox 360 1952 485 1996; x_wconf 79' lang='lat' dir='ltr'>formationis</span> <span class='ocrx_word' id='word_1_167' title='bbox 506 1966 577 1996; x_wconf 93' lang='lat' dir='ltr'>munus</span> <span class='ocrx_word' id='word_1_168' title='bbox 598 1954 701 1996; x_wconf 79' lang='lat' dir='ltr'>inunctum</span> <span class='ocrx_word' id='word_1_169' title='bbox 722 1954 762 1996; x_wconf 88' lang='lat' dir='ltr'>sire</span> <span class='ocrx_word' id='word_1_170' title='bbox 785 1953 830 1996; x_wconf 86' lang='lat' dir='ltr'>Diis</span> 
     </span>
     <span class='ocr_line' id='line_1_23' title="bbox 43 2017 831 2079; baseline -0.003 -12"><span class='ocrx_word' id='word_1_171' title='bbox 43 2017 45 2020; x_wconf 40' lang='lat'><strong>⁴</strong></span> <span class='ocrx_word' id='word_1_172' title='bbox 96 2024 212 2079; x_wconf 81' lang='lat' dir='ltr'>minoribus,</span> <span class='ocrx_word' id='word_1_173' title='bbox 227 2023 262 2066; x_wconf 82' lang='lat' dir='ltr'>sed</span> <span class='ocrx_word' id='word_1_174' title='bbox 277 2023 303 2066; x_wconf 81' lang='lat' dir='ltr'>ad</span> <span class='ocrx_word' id='word_1_175' title='bbox 316 2024 423 2078; x_wconf 82' lang='lat' dir='ltr'>imaginem</span> <span class='ocrx_word' id='word_1_176' title='bbox 442 2036 498 2066; x_wconf 91' lang='lat' dir='ltr'>suam</span> <span class='ocrx_word' id='word_1_177' title='bbox 516 2023 564 2066; x_wconf 79' lang='lat' dir='ltr'>feeit</span> <span class='ocrx_word' id='word_1_178' title='bbox 583 2036 628 2066; x_wconf 91' lang='lat' dir='ltr'>eum</span> <span class='ocrx_word' id='word_1_179' title='bbox 640 2023 726 2078; x_wconf 85' lang='lat' dir='ltr'>ipsemet</span> <span class='ocrx_word' id='word_1_180' title='bbox 740 2022 831 2066; x_wconf 79' lang='lat' dir='ltr'>eonditor</span> 
     </span>
     <span class='ocr_line' id='line_1_24' title="bbox 98 2093 831 2150; baseline -0.001 -12"><span class='ocrx_word' id='word_1_181' title='bbox 98 2093 166 2139; x_wconf 82' lang='lat' dir='ltr'>addito</span> <span class='ocrx_word' id='word_1_182' title='bbox 185 2094 340 2137; x_wconf 87' lang='lat' dir='ltr'>immortalitatis</span> <span class='ocrx_word' id='word_1_183' title='bbox 360 2094 471 2150; x_wconf 77' lang='lat' dir='ltr'>privilegio.</span> <span class='ocrx_word' id='word_1_184' title='bbox 499 2093 558 2137; x_wconf 83' lang='lat' dir='ltr'>Unde</span> <span class='ocrx_word' id='word_1_185' title='bbox 573 2093 650 2138; x_wconf 61' lang='lat' dir='ltr'>,diuinis</span> <span class='ocrx_word' id='word_1_186' title='bbox 671 2094 763 2138; x_wconf 89' lang='lat' dir='ltr'>manibus</span> <span class='ocrx_word' id='word_1_187' title='bbox 784 2094 831 2137; x_wconf 81' lang='lat' dir='ltr'>diri·</span> 
     </span>
     <span class='ocr_line' id='line_1_25' title="bbox 97 2166 831 2223; baseline 0.001 -14"><span class='ocrx_word' id='word_1_188' title='bbox 97 2181 145 2209; x_wconf 89' lang='lat' dir='ltr'>num</span> <span class='ocrx_word' id='word_1_189' title='bbox 158 2166 236 2222; x_wconf 80' lang='lat' dir='ltr'>plasma</span> <span class='ocrx_word' id='word_1_190' title='bbox 250 2166 363 2223; x_wconf 78' lang='lat' dir='ltr'>formatum,</span> <span class='ocrx_word' id='word_1_191' title='bbox 386 2166 417 2209; x_wconf 88' lang='lat' dir='ltr'>oui</span> <span class='ocrx_word' id='word_1_192' title='bbox 432 2166 492 2210; x_wconf 90' lang='lat' dir='ltr'>etiam</span> <span class='ocrx_word' id='word_1_193' title='bbox 506 2166 558 2209; x_wconf 84' lang='lat' dir='ltr'>vitae</span> <span class='ocrx_word' id='word_1_194' title='bbox 573 2166 694 2222; x_wconf 82' lang='lat' dir='ltr'>spiraouium</span> <span class='ocrx_word' id='word_1_195' title='bbox 707 2167 831 2223; x_wconf 86' lang='lat' dir='ltr'>inspiratum.</span> 
     </span>
     <span class='ocr_line' id='line_1_26' title="bbox 97 2237 832 2294; baseline -0.003 -12"><span class='ocrx_word' id='word_1_196' title='bbox 97 2237 157 2283; x_wconf 87' lang='lat' dir='ltr'>Haeo</span> <span class='ocrx_word' id='word_1_197' title='bbox 178 2240 289 2281; x_wconf 88' lang='lat' dir='ltr'>animarum</span> <span class='ocrx_word' id='word_1_198' title='bbox 308 2243 422 2281; x_wconf 90' lang='lat' dir='ltr'>nostrarum</span> <span class='ocrx_word' id='word_1_199' title='bbox 436 2238 498 2293; x_wconf 85' lang='lat' dir='ltr'>origio</span> <span class='ocrx_word' id='word_1_200' title='bbox 522 2239 608 2280; x_wconf 85' lang='lat' dir='ltr'>maxime</span> <span class='ocrx_word' id='word_1_201' title='bbox 634 2237 759 2294; x_wconf 73' lang='lat' dir='ltr'>rbgnissima,</span> <span class='ocrx_word' id='word_1_202' title='bbox 780 2237 832 2281; x_wconf 88' lang='lat' dir='ltr'>unde</span> 
     </span>
     <span class='ocr_line' id='line_1_27' title="bbox 99 2307 833 2364; baseline -0.001 -13"><span class='ocrx_word' id='word_1_203' title='bbox 99 2322 144 2362; x_wconf 87' lang='lat' dir='ltr'>eam</span> <span class='ocrx_word' id='word_1_204' title='bbox 162 2322 202 2351; x_wconf 92' lang='lat' dir='ltr'>non</span> <span class='ocrx_word' id='word_1_205' title='bbox 220 2308 301 2364; x_wconf 82' lang='lat' dir='ltr'>qiudem</span> <span class='ocrx_word' id='word_1_206' title='bbox 314 2307 420 2351; x_wconf 80' lang='lat' dir='ltr'>frustulum</span> <span class='ocrx_word' id='word_1_207' title='bbox 431 2308 509 2351; x_wconf 85' lang='lat' dir='ltr'>diuinae</span> <span class='ocrx_word' id='word_1_208' title='bbox 524 2309 622 2351; x_wconf 89' lang='lat' dir='ltr'>esseutiae</span> <span class='ocrx_word' id='word_1_209' title='bbox 637 2307 720 2352; x_wconf 74' lang='lat' dir='ltr'>dicimus</span> <span class='ocrx_word' id='word_1_210' title='bbox 735 2312 769 2352; x_wconf 88' lang='lat' dir='ltr'>aut</span> <span class='ocrx_word' id='word_1_211' title='bbox 785 2307 833 2351; x_wconf 87' lang='lat' dir='ltr'>diri·</span> 
     </span>
     <span class='ocr_line' id='line_1_28' title="bbox 99 2379 834 2434; baseline 0 -13"><span class='ocrx_word' id='word_1_212' title='bbox 99 2393 137 2432; x_wconf 86' lang='lat' dir='ltr'>nae</span> <span class='ocrx_word' id='word_1_213' title='bbox 151 2380 270 2433; x_wconf 71' lang='lat' dir='ltr'>partiendam</span> <span class='ocrx_word' id='word_1_214' title='bbox 283 2393 355 2423; x_wconf 86' lang='lat' dir='ltr'>aurae:</span> <span class='ocrx_word' id='word_1_215' title='bbox 375 2379 498 2434; x_wconf 78' lang='lat' dir='ltr'>spiritualem</span> <span class='ocrx_word' id='word_1_216' title='bbox 510 2383 578 2421; x_wconf 88' lang='lat' dir='ltr'>tamen</span> <span class='ocrx_word' id='word_1_217' title='bbox 592 2384 612 2421; x_wconf 87' lang='lat' dir='ltr'>at</span> <span class='ocrx_word' id='word_1_218' title='bbox 627 2379 653 2422; x_wconf 86' lang='lat' dir='ltr'>ad</span> <span class='ocrx_word' id='word_1_219' title='bbox 672 2380 781 2434; x_wconf 80' lang='lat' dir='ltr'>imaginem</span> <span class='ocrx_word' id='word_1_220' title='bbox 794 2379 834 2422; x_wconf 87' lang='lat' dir='ltr'>Dei</span> 
     </span>
     <span class='ocr_line' id='line_1_29' title="bbox 99 2447 835 2506; baseline 0.001 -14"><span class='ocrx_word' id='word_1_221' title='bbox 99 2449 175 2493; x_wconf 78' lang='lat' dir='ltr'>fastam</span> <span class='ocrx_word' id='word_1_222' title='bbox 190 2451 295 2493; x_wconf 86' lang='lat' dir='ltr'>essentiam</span> <span class='ocrx_word' id='word_1_223' title='bbox 310 2448 414 2492; x_wconf 37' lang='lat' dir='ltr'>oredimus«</span> <span class='ocrx_word' id='word_1_224' title='bbox 442 2447 475 2491; x_wconf 81' lang='lat' dir='ltr'>Ex</span> <span class='ocrx_word' id='word_1_225' title='bbox 489 2453 569 2492; x_wconf 88' lang='lat' dir='ltr'>aeterno</span> <span class='ocrx_word' id='word_1_226' title='bbox 585 2450 638 2493; x_wconf 87' lang='lat' dir='ltr'>enim</span> <span class='ocrx_word' id='word_1_227' title='bbox 652 2455 672 2493; x_wconf 86' lang='lat' dir='ltr'>et</span> <span class='ocrx_word' id='word_1_228' title='bbox 690 2450 835 2506; x_wconf 83' lang='lat' dir='ltr'>spirituaiiDei</span> 
     </span>
     <span class='ocr_line' id='line_1_30' title="bbox 100 2519 835 2578; baseline 0.001 -14"><span class='ocrx_word' id='word_1_229' title='bbox 100 2536 134 2565; x_wconf 88' lang='lat' dir='ltr'>ore</span> <span class='ocrx_word' id='word_1_230' title='bbox 148 2521 198 2564; x_wconf 86' lang='lat' dir='ltr'>nihii</span> <span class='ocrx_word' id='word_1_231' title='bbox 211 2522 249 2565; x_wconf 86' lang='lat' dir='ltr'>uisi</span> <span class='ocrx_word' id='word_1_232' title='bbox 263 2526 366 2565; x_wconf 89' lang='lat' dir='ltr'>aeternum</span> <span class='ocrx_word' id='word_1_233' title='bbox 379 2519 480 2577; x_wconf 84' lang='lat' dir='ltr'>profieisoi</span> <span class='ocrx_word' id='word_1_234' title='bbox 493 2521 565 2577; x_wconf 85' lang='lat' dir='ltr'>potuit.</span> <span class='ocrx_word' id='word_1_235' title='bbox 593 2521 653 2565; x_wconf 82' lang='lat' dir='ltr'>Haeo</span> <span class='ocrx_word' id='word_1_236' title='bbox 670 2522 730 2578; x_wconf 87' lang='lat' dir='ltr'>igitur</span> <span class='ocrx_word' id='word_1_237' title='bbox 748 2521 835 2578; x_wconf 77' lang='grc' dir='ltr'><em>μεγάλου</em></span> 
     </span>
     <span class='ocr_line' id='line_1_31' title="bbox 100 2590 836 2649; baseline 0 -14"><span class='ocrx_word' id='word_1_238' title='bbox 100 2590 143 2636; x_wconf 72' lang='grc' dir='ltr'>ἔστι</span> <span class='ocrx_word' id='word_1_239' title='bbox 161 2592 215 2649; x_wconf 69' lang='lat' dir='ltr'>bopo</span> <span class='ocrx_word' id='word_1_240' title='bbox 228 2594 280 2636; x_wconf 63' lang='grc' dir='ltr'>θεοῦ</span> <span class='ocrx_word' id='word_1_241' title='bbox 299 2598 359 2648; x_wconf 84' lang='lat' dir='ltr'>atque</span> <span class='ocrx_word' id='word_1_242' title='bbox 372 2592 426 2636; x_wconf 79' lang='lat' dir='ltr'>idem</span> <span class='ocrx_word' id='word_1_243' title='bbox 438 2592 537 2636; x_wconf 88' lang='lat' dir='ltr'>Dominus</span> <span class='ocrx_word' id='word_1_244' title='bbox 552 2594 587 2647; x_wconf 83' lang='lat' dir='ltr'>qui</span> <span class='ocrx_word' id='word_1_245' title='bbox 600 2592 681 2635; x_wconf 86' lang='lat' dir='ltr'>Adamo</span> <span class='ocrx_word' id='word_1_246' title='bbox 703 2594 789 2635; x_wconf 89' lang='lat' dir='ltr'>animam</span> <span class='ocrx_word' id='word_1_247' title='bbox 807 2595 836 2635; x_wconf 92' lang='lat' dir='ltr'>in-</span> 
     </span>
     <span class='ocr_line' id='line_1_32' title="bbox 101 2661 836 2720; baseline -0.001 -13"><span class='ocrx_word' id='word_1_248' title='bbox 101 2664 190 2720; x_wconf 86' lang='lat' dir='ltr'>spirarit.</span> <span class='ocrx_word' id='word_1_249' title='bbox 218 2661 276 2706; x_wconf 75' lang='lat' dir='ltr'>idem</span> <span class='ocrx_word' id='word_1_250' title='bbox 290 2664 352 2708; x_wconf 89' lang='lat' dir='ltr'>etiam</span> <span class='ocrx_word' id='word_1_251' title='bbox 369 2663 442 2707; x_wconf 88' lang='lat' dir='ltr'>nostris</span> <span class='ocrx_word' id='word_1_252' title='bbox 457 2662 573 2719; x_wconf 81' lang='lat' dir='ltr'>emporibus</span> <span class='ocrx_word' id='word_1_253' title='bbox 589 2663 673 2707; x_wconf 84' lang='lat' dir='ltr'>eandem</span> <span class='ocrx_word' id='word_1_254' title='bbox 681 2662 772 2707; x_wconf 79' lang='lat' dir='ltr'>infundit.</span> <span class='ocrx_word' id='word_1_255' title='bbox 796 2663 836 2707; x_wconf 80' lang='lat' dir='ltr'>iila</span> 
     </span>
     <span class='ocr_line' id='line_1_33' title="bbox 102 2733 835 2792; baseline 0.003 -15"><span class='ocrx_word' id='word_1_256' title='bbox 102 2749 183 2791; x_wconf 82' lang='lat' dir='ltr'>quoque</span> <span class='ocrx_word' id='word_1_257' title='bbox 204 2733 289 2791; x_wconf 84' lang='lat' dir='ltr'>dignitas</span> <span class='ocrx_word' id='word_1_258' title='bbox 307 2733 393 2778; x_wconf 85' lang='lat' dir='ltr'>hominis</span> <span class='ocrx_word' id='word_1_259' title='bbox 414 2749 454 2778; x_wconf 89' lang='lat' dir='ltr'>non</span> <span class='ocrx_word' id='word_1_260' title='bbox 475 2735 631 2792; x_wconf 79' lang='lat' dir='ltr'>contemnenda,</span> <span class='ocrx_word' id='word_1_261' title='bbox 653 2734 707 2791; x_wconf 84' lang='lat' dir='ltr'>quod</span> <span class='ocrx_word' id='word_1_262' title='bbox 727 2736 748 2778; x_wconf 88' lang='lat' dir='ltr'>in</span> <span class='ocrx_word' id='word_1_263' title='bbox 773 2735 835 2791; x_wconf 88' lang='lat' dir='ltr'>ipsius</span> 
     </span>
     <span class='ocr_line' id='line_1_34' title="bbox 101 2805 836 2851; baseline 0.001 -1"><span class='ocrx_word' id='word_1_264' title='bbox 101 2805 221 2850; x_wconf 78' lang='lat' dir='ltr'>formatione</span> <span class='ocrx_word' id='word_1_265' title='bbox 236 2811 375 2851; x_wconf 85' lang='lat' dir='ltr'>saorosanotae</span> <span class='ocrx_word' id='word_1_266' title='bbox 389 2806 492 2851; x_wconf 72' lang='lat' dir='ltr'>Trinitatis</span> <span class='ocrx_word' id='word_1_267' title='bbox 503 2811 653 2851; x_wconf 86' lang='lat' dir='ltr'>saerosanetum</span> <span class='ocrx_word' id='word_1_268' title='bbox 667 2806 776 2851; x_wconf 84' lang='lat' dir='ltr'>inst&#39;tuitur</span> <span class='ocrx_word' id='word_1_269' title='bbox 790 2821 836 2851; x_wconf 84' lang='lat' dir='ltr'>oon·</span> 
     </span>
     <span class='ocr_line' id='line_1_35' title="bbox 103 2878 837 2939; baseline 0 -19"><span class='ocrx_word' id='word_1_270' title='bbox 103 2879 174 2939; x_wconf 77' lang='lat' dir='ltr'>sitium.</span> <span class='ocrx_word' id='word_1_271' title='bbox 199 2879 294 2921; x_wconf 79' lang='lat' dir='ltr'>Elevatus</span> <span class='ocrx_word' id='word_1_272' title='bbox 308 2880 337 2921; x_wconf 89' lang='lat' dir='ltr'>ita</span> <span class='ocrx_word' id='word_1_273' title='bbox 351 2885 395 2921; x_wconf 88' lang='lat' dir='ltr'>erat</span> <span class='ocrx_word' id='word_1_274' title='bbox 407 2879 468 2920; x_wconf 83' lang='lat' dir='ltr'>homo</span> <span class='ocrx_word' id='word_1_275' title='bbox 483 2883 503 2919; x_wconf 86' lang='lat' dir='ltr'>et</span> <span class='ocrx_word' id='word_1_276' title='bbox 516 2879 537 2919; x_wconf 87' lang='lat' dir='ltr'>in</span> <span class='ocrx_word' id='word_1_277' title='bbox 553 2879 662 2934; x_wconf 80' lang='lat' dir='ltr'>voluptatis</span> <span class='ocrx_word' id='word_1_278' title='bbox 678 2878 759 2920; x_wconf 85' lang='lat' dir='ltr'>hortum</span> <span class='ocrx_word' id='word_1_279' title='bbox 777 2879 837 2921; x_wconf 66' lang='grc'>(10110-</span> 
     </span>
    </p>
   </div>
   <div class='ocr_carea' id='block_1_6' title="bbox 0 0 924 3306">
    <p class='ocr_par' dir='ltr' id='par_1_6' title="bbox 0 0 924 3306">
     <span class='ocr_line' id='line_1_36' title="bbox 0 0 924 3306; baseline 0 0"><span class='ocrx_word' id='word_1_280' title='bbox 0 0 924 3306; x_wconf 95' lang='lat' dir='ltr'> </span> 
     </span>
    </p>
   </div>
  </div>
 </body>
</html>
