1801 3306
187 150 237 187 Domi
249 150 267 189 V
277 162 294 198 p.
306 149 400 188 Trinitatis.
421 149 472 186 Dom.
479 148 512 188 ‘Vr
523 162 539 196 p.
550 149 646 188 Trinitatis.
747 161 748 164 ’
767 145 779 193 5

231 351 232 354 κ
259 330 323 373 Dum.
338 327 356 373 V
370 328 421 385 post
435 328 563 374 Trinitatis.

99 434 186 480 Domine
200 435 251 481 Jesu
271 437 306 493 qui
318 437 373 480 tatus
385 434 521 492 miraeuiosus,
540 434 638 481 mirabilis
651 436 672 481 in
687 450 781 494 persona,

47 506 143 551 mirabilis
150 508 172 551 in
184 507 257 560 oifieio,
272 505 369 549 mirabilis
383 506 404 549 in
415 505 523 561 benefieiis,
538 505 636 549 mirabilis
649 507 670 549 iu
681 507 783 566 operibus,

48 575 91 621 Our
109 591 185 634 quaeso
204 576 301 621 miuaeula
312 580 349 620 tua
360 591 393 620 me
406 579 512 634 torrerent,
527 590 578 633 quae
589 580 748 639 puoptermeam
762 581 783 622 et

49 649 138 692 omnium
147 648 250 692 hominurn
259 648 345 692 salutem
354 649 375 692 in
383 648 422 692 hoe
431 648 506 692 mundo
516 652 609 704 operatus
619 647 655 691 es?
662 649 713 693 ¹Iuno
722 649 783 713 fidem

48 733 113 767 meam
124 719 242 775 languidam
255 719 334 775 erigunt
348 722 368 763 et
382 718 506 763 confirmant.
535 717 634 763 miracula
647 718 699 763 euim
712 715 748 764 tua
757 720 784 765 de

15 838 16 841 ,
48 795 69 834 11
88 794 193 845 testantur,
213 791 248 846 qui
266 790 287 832 in
298 791 377 834 unitate
389 804 487 847 personae
501 792 528 834 sis
543 804 602 834 uerus
618 790 668 833 dens
683 794 703 834 11
716 791 782 835 homo.

49 860 124 904 Divina
144 863 198 904 eerte
219 859 286 904 faeere
304 860 326 903 id
342 860 383 904 Dei
401 865 437 904 est.
465 858 571 917 Quomodo
591 874 638 916 ergo
659 875 691 904 me
707 853 785 905 terrere
798 863 805 878 ⁵

49 932 138 989 poterint
151 935 187 975 tua
200 930 310 976 miracula?
332 930 403 989 Neque
418 947 464 976 oum
476 932 537 976 Petro
552 931 608 976 dieo:
627 931 714 977 Diseede
726 947 739 976 a
751 948 784 977 me

34 1003 144 1058 Domine,
166 1002 215 1059 quia
233 1006 327 1060 peoeator
346 1017 396 1060 sum,
419 1003 455 1047 sad
472 1003 550 1060 potius:
566 1002 619 1047 Veni
636 1003 663 1047 ad
680 1018 719 1059 me,
740 1004 786 1064 ueni

49 1075 142 1130 Domine,
165 1075 213 1132 quia
233 1079 328 1132 peoeutor
346 1090 396 1131 sum,
418 1075 458 1131 qui,
480 1075 497 1118 si
515 1089 602 1131 namque
620 1078 726 1131 peecatum
745 1071 786 1119 non

50 1145 151 1202 haberem,
165 1147 235 1201 utique
248 1160 289 1189 nou
302 1150 345 1189 tam
359 1147 417 1189 anxie
430 1149 452 1188 te
467 1146 606 1190 desiderarem.
635 1145 716 1190 Clamas
730 1161 785 1189 nam·

51 1230 90 1273 que
100 1230 111 1260 o
125 1217 310 1261 misericordissime
320 1216 379 1262 Jesu:
394 1217 457 1262 uenite
467 1216 493 1261 ad
502 1231 533 1260 me
542 1220 664 1275 poeoniorum
692 1216 785 1264 Vicissim

45 1299 88 1345 'ego
96 1290 171 1333 elamo:
185 1289 230 1333 ueni
239 1289 265 1333 ad
272 1303 304 1332 me
312 1288 404 1345 Domine,
416 1293 437 1332 ut
445 1289 521 1345 possim
530 1289 596 1333 uenire
606 1289 633 1333 ad
642 1292 669 1344 te,
680 1288 786 1333 oDomino

51 1359 108 1414 deun,
122 1359 173 1413 ueni,
192 1361 237 1402 ueni
251 1360 278 1402 ad
295 1373 327 1401 me
341 1363 364 1402 ut
378 1359 404 1402 ad
417 1362 496 1415 patrem
509 1359 577 1402 uenire
591 1359 671 1415 possim,
686 1358 713 1403 ad
726 1372 786 1416 quem

51 1444 109 1473 nemo
121 1430 176 1473 uenit
188 1430 227 1474 nisi
240 1434 263 1474 tu
273 1430 359 1474 traxeris
373 1430 436 1473 ilium.
465 1429 483 1474 0
497 1429 702 1488 benignissimedeau,
716 1432 737 1474 iu
751 1436 786 1475 tuo

52 1502 133 1545 nomine
152 1502 226 1546 laxabo
247 1505 290 1545 1111
310 1501 421 1545 vocationis
442 1515 503 1556 meae.
531 1500 562 1544 Tu
582 1501 662 1546 labores
681 1516 735 1546 meos
752 1505 788 1546 tue

53 1574 118 1629 gratia
134 1572 251 1630 praeuenire
270 1576 290 1617 11
308 1573 403 1628 subsequi
421 1572 469 1617 uelis
483 1576 507 1616 ut
520 1573 546 1617 ad
560 1573 591 1617 tui
602 1572 688 1616 nominis
703 1574 789 1628 gloriam

55 1647 74 1686 et
87 1645 174 1699 proximi
187 1645 227 1686 mei
240 1644 323 1686 salutem
338 1643 417 1686 eadent.
445 1643 518 1686 Amen.

259 1938 323 1982 Item.
337 1938 369 1982 VI
382 1938 433 1993 post
447 1937 574 1982 Trinitatis.

60 2072 61 2075 =
109 2042 201 2088 Attende
220 2045 287 2088 anima
304 2058 349 2089 meo
368 2033 429 2099 quam
447 2042 516 2100 gravio
535 2046 581 2088 ate
592 2044 683 2100 requirat
696 2042 790 2100 eoelestis

36 2128 38 2131 ·
56 2118 113 2171 poter
134 2115 155 2157 in
177 2116 221 2170 lege
245 2129 282 2158 sua
305 2115 438 2158 sanctissima.
476 2114 561 2171 Quando
583 2128 657 2170 quaeso
682 2118 791 2171 utcumque

57 2185 149 2242 quintum
163 2188 297 2242 praeceptum,
318 2189 341 2229 ut
356 2185 448 2230 Christus
468 2185 559 2241 explieat,
580 2186 669 2241 perfeeto
690 2183 791 2229 seruasti?

59 2254 98 2311 Qui
117 2256 170 2298 enim
187 2258 258 2312 peeeat
276 2256 297 2298 in
315 2269 354 2298 uno
372 2254 436 2298 iaetus
455 2259 485 2299 est
502 2270 547 2299 reus
565 2255 658 2299 omnium.
686 2254 758 2312 Neque
770 2257 792 2299 in

57 2340 97 2369 uno
111 2328 199 2382 peceavi,
213 2327 249 2370 sed
262 2327 282 2370 in
292 2326 390 2382 omnibus,
404 2326 450 2370 ideo
464 2326 556 2370 omuibus
571 2340 689 2370 annexame
702 2330 793 2385 maneret

58 2397 179 2441 maledictio.
207 2396 230 2442 si
243 2413 289 2441 reus
304 2401 395 2442 aeternae
408 2399 484 2453 mortis,
498 2397 532 2453 qui
546 2398 612 2441 solum
627 2404 697 2442 eontra
711 2393 793 2442 unieum

58 2472 187 2526 praeceptum
197 2471 293 2527 peccauit,
309 2469 358 2526 quid
367 2467 402 2513 fiet
411 2470 499 2513 omnium
508 2468 557 2514 reo?
579 2467 715 2527 Oinoumspiee
726 2471 793 2515 anime

59 2555 110 2595 mea,
126 2555 152 2583 an
164 2540 218 2584 ullas
232 2542 253 2584 in
265 2545 285 2585 11
298 2541 350 2585 uires
364 2541 452 2596 reperire
462 2542 531 2596 possis,
546 2555 598 2595 quae
610 2542 656 2584 huie
667 2541 792 2584 obedientiae

60 2612 81 2653 11
103 2608 224 2667 perfectioni
247 2608 388 2654 satisfaoiant?
413 2609 489 2654 Malum
512 2610 594 2666 quidem
614 2610 634 2654 iu
654 2624 686 2654 me
708 2610 792 2667 inveniq'

60 2679 136 2724 bonum
152 2683 218 2724 autem
238 2695 296 2724 omne
309 2682 380 2738 proeul
393 2679 418 2725 ab
433 2680 496 2725 oeuiis
513 2681 567 2725 meis.
597 2680 639 2726 Sed
652 2681 760 2738 respondet
772 2681 794 2725 in

61 2751 121 2796 eorde
135 2766 180 2796 meo
192 2750 282 2808 Spiritus
296 2752 394 2797 Sanetus:
413 2752 505 2797 Christus
522 2757 553 2796 est
566 2754 656 2810 impletio
669 2754 725 2809 degis.
753 2752 794 2808 Qui

61 2823 126 2868 eredit
138 2823 159 2867 in
173 2823 350 2867 eumiustitioatur.
379 2822 442 2868 Nulla
455 2823 516 2878 igitur
530 2824 675 2879 oondemnatioff
689 2824 744 2867 nude
756 2824 794 2882 lex,

61 2892 128 2937 nulius
142 2897 208 2937 terror
220 2893 241 2937 in
254 2892 286 2938 his
299 2897 339 2951 est,
359 2896 393 2950 qui
414 2898 460 2938 sunt
473 2894 493 2936 in
509 2893 596 2939 Christo.
624 2894 669 2938 Lex
681 2894 732 2938 nihii
745 2895 794 2938 iuris
