1827 3356
103 138 135 187 ⁴40
292 151 294 154 ’
349 143 400 178 Dom.
411 142 441 178 ΠΙ
451 154 469 189 p.
480 142 591 189 Epiphanius

109 266 197 308 uenerat.
219 234 272 307 ,Ηοα
291 261 396 319 spirituale
415 259 492 305 Christi
509 264 529 305 et
547 261 612 306 fidelis
632 262 710 306 animae
730 263 845 320 coniugium
911 266 912 269 ’

110 334 226 379 celebratur
239 335 261 378 in
275 331 332 378 (lana
346 332 485 378 aemulatione.
512 331 551 377 Est
563 333 671 378 aemulatio
681 333 766 390 puniens
780 338 847 379 otest
907 382 908 386 ,

110 404 217 449 aemulatio
235 411 331 460 paroens,
350 405 400 465 quia
410 402 473 447 Zetus
486 402 572 447 Domini
584 401 674 448 Sabaoth
692 401 769 462 (utique
783 404 846 449 Zelus

109 473 269 534 miserioordiae)
287 474 365 519 stabilit
382 487 467 531 regnum
484 473 582 527 Dauidia‘
608 474 667 519 Haeo
687 474 749 531 igitur
760 476 846 519 ¹miseri·

111 535 180 591 oordia
193 544 279 591 mundat
292 561 328 590 nos
346 546 426 590 lavaero
440 545 607 603 regenerationis,
625 551 648 590 ut
667 545 723 602 digni
733 543 846 598 ¹reddamur

111 619 146 675 qui
163 618 190 662 ad
207 618 289 676 nuptias
304 617 360 674 Agri
377 609 485 661 veniamus-
513 617 572 662 Haeo
585 617 695 674 praevenit,
706 619 846 675 ’111Ιο0101100γ

111 689 247 746 subsequitur,
263 691 287 733 ut
301 688 442 744 glorificemur,
455 688 565 744 praeuenit,
579 690 602 731 ut
615 690 648 745 pie
661 689 761 743 uiuamus,
781 687 847 732 subse-

111 760 186 819 quitur,
207 764 230 803 ut
251 772 297 803 oum
314 758 349 802 1110
371 755 450 815 semper
472 757 573 813 uiuamus,
599 758 647 815 quia
673 754 720 802 sine
740 757 774 804 illo
798 758 848 803 nihil

91 861 92 864 =
111 829 179 889 tabere
187 843 300 886 possumus.
328 828 431 885 Sedenim
445 832 588 886 praeterquam
602 830 657 885 quod
671 843 754 888 sponsus
769 830 847 875 animae

112 900 207 947 0111101110
228 901 290 957 adest,
313 901 374 944 etiam
394 903 458 944 mater
477 899 527 944 Jesu
548 900 651 946 inuitatur.
682 900 743 959 ,Quae
763 901 798 946 illa
818 905 849 947 est

113 972 190 1018 Christi
211 974 276 1016 mater
289 970 327 1016 nisi
339 977 409 1015 saneta
420 971 516 1015 Ecclesia.
545 969 609 1027 Virgo
625 972 707 1028 quidem
721 975 752 1017 est
769 972 805 1016 sed
823 972 848 1016 si-

112 1043 155 1100 mul
175 1047 250 1086 mater:
275 1041 338 1087 (iuius
356 1041 469 1097 integritati
489 1040 620 1099 oonsulimus,
640 1043 658 1085 si
675 1031 732 1099 uirgo
751 1046 848 1098 nonest,

113 1117 149 1158 aut
162 1114 217 1158 emus
231 1113 308 1170 prolem
322 1110 450 1169 alloquimur,
464 1113 482 1156 si
495 1115 561 1156 mater
569 1127 611 1157 uon
624 1118 659 1157 est.
687 1112 748 1156 Hanc
762 1114 850 1170 quinon

114 1184 206 1241 agnoseit
218 1187 303 1228 matrem
314 1183 409 1239 interris,
423 1197 463 1226 non
475 1182 559 1228 habebit
572 1188 650 1240 patrem
663 1183 684 1227 in
698 1183 765 1229 obelis.
790 1182 849 1240 Quis·

114 1255 157 1312 quis
181 1255 206 1299 ab
225 1254 317 1300 Eoolesia
337 1253 399 1299 fuerit
417 1259 532 1312 separatus,
556 1253 703 1311 quantumlibet
717 1254 849 1300 laudabiliter

114 1341 135 1370 se
156 1326 227 1387 vivere
242 1325 352 1382 existimet,
373 1326 412 1369 1100
431 1324 472 1369 0010
489 1326 562 1370 0001010
581 1325 629 1382 quia
645 1340 657 1370 a
676 1324 755 1370 Ohriati
772 1327 849 1371 unitate

114 1397 217 1441 seiunctus
227 1402 262 1450 est,
277 1411 317 1439 non
328 1396 411 1439 habebit
420 1398 488 1451 uitam,
502 1396 538 1439 sed
548 1397 580 1439 ira
593 1396 634 1439 Dei
646 1402 714 1439 manet
726 1411 785 1453 super
798 1411 850 1441 eum.

114 1466 197 1510 Adsunt
210 1467 271 1511 etiam
281 1466 375 1523 disoipuli
389 1466 458 1510 fideles
469 1466 546 1511 seilicet
559 1466 600 1510 Dei
614 1468 708 1525 odrapyoa,
723 1466 851 1523 quidespon-

115 1544 159 1591 sant
183 1552 220 1582 nos
246 1536 282 1581 uni
306 1537 350 1581 uiro
375 1536 426 1581 Jesu
450 1536 537 1582 Christo.
566 1536 607 1582 Sed
632 1538 653 1582 in
675 1539 719 1595 ipso
742 1538 850 1595 spiritualis

117 1610 204 1667 coniugii
223 1609 297 1666 gaudio
316 1608 383 1653 deficit
401 1610 479 1653 vinum:
499 1609 583 1653 verbum
601 1610 654 1653 enim
667 1610 708 1653 Dei
722 1613 752 1654 est
766 1609 850 1654 verbum

116 1682 166 1726 luois
180 1685 200 1725 et
216 1680 296 1736 erneis,
311 1694 348 1736 per
366 1680 438 1724 multas
455 1679 564 1736 praesentis
582 1679 636 1724 uitae
654 1679 804 1738 tribulationes,
824 1681 851 1725 ad

116 1752 197 1795 futurae
212 1752 264 1795 uitae
278 1750 367 1806 quietem
378 1754 435 1807 patet
447 1751 520 1795 aditus.
679 1756 683 1761 ’

171 1821 308 1880 Suscipiamus
326 1821 387 1877 igitur
400 1819 535 1877 πνευματικὰς
546 1822 680 1881 μαργαρίτας,
700 1821 747 1879 quia
758 1820 851 1868 Obrintus

114 1908 191 1955 ,aquam
200 1891 335 1944 tribulationis
345 1892 431 1937 mutabit
440 1892 522 1936 tandem
530 1895 551 1936 in
560 1894 629 1937 uinum
640 1892 768 1938 dulcissimae
782 1907 851 1949 001100-

116 1965 204 2023 lationis,
212 1963 266 2022 quod
273 1964 305 2009 hio
315 1960 345 2009 est
357 1967 483 2021 tormentum,
493 1963 534 2009 illie
542 1963 580 2008 erit
590 1969 735 2021 ornamentum,
749 1970 772 2009 ut
778 1966 808 2010 ita
814 1979 851 2022 pro

118 2036 199 2082 Christo
215 2035 325 2092 quidquam
338 2036 381 2091 pati
394 2034 465 2091 quouis
478 2035 552 2078 solatio
567 2034 682 2079 iuoundius.
756 2035 757 2039 ’

423 2168 550 2176 -——--—-

317 2283 381 2328 hom.
395 2283 435 2328 III
447 2283 499 2340 post
510 2282 653 2340 Epiphanias.

238 2366 347 2409 Domine
361 2367 382 2409 si
396 2366 445 2423 uis,
459 2370 534 2422 potes
546 2365 585 2410 me
599 2366 729 2410 mundare.

174 2459 207 2504 En
216 2475 262 2505 uero
274 2460 355 2505 idaeam
368 2475 428 2505 uerae
443 2464 464 2505 et
478 2460 565 2507 efficacis
578 2461 700 2519 precationis
714 2462 806 2520 apprime
819 2475 854 2506 no-

120 2531 213 2577 tandam:
229 2532 331 2577 diifioilius
338 2533 390 2577 enim
399 2547 457 2577 orare
465 2547 526 2589 quam
536 2547 598 2591 arare,
606 2547 644 2577 neo
655 2533 761 2591 quiequam
771 2534 853 2578 maioris

121 2618 163 2649 essa
173 2618 252 2661 operae,
267 2605 288 2648 in
302 2618 367 2649 eremo
378 2605 477 2649 didicerat
485 2604 582 2660 Agathou
596 2602 732 2650 Anaohoreta.
751 2604 854 2649 Nimirum

120 2675 218 2719 nescimus
229 2689 295 2718 omnes
306 2675 355 2730 quid
365 2679 464 2732 petamus,
478 2676 601 2719 tutissimum
613 2675 673 2732 igitur
687 2691 734 2720 ourn
742 2676 787 2720 Deo
798 2676 855 2731 loqui

120 2746 189 2802 lingua
199 2745 273 2800 diuina,
284 2745 395 2802 soripturae
405 2746 483 2790 soilioet
494 2744 570 2790 uerbis.
588 2744 616 2789 sio
625 2744 717 2790 futurum
725 2750 749 2791 ut
759 2751 855 2802 agnosoat

49 2852 51 2855 .
120 2821 178 2875 pater
187 2816 249 2861 rerba
262 2815 300 2859 tilii
314 2816 345 2860 sui
354 2816 436 2874 Christi,
451 2817 493 2875 ipse
507 2831 594 2874 namque
609 2819 696 2876 pectoris
706 2818 783 2877 paterni
797 2818 855 2877 abys-

122 2904 165 2933 sum
179 2890 240 2946 novit,
261 2889 304 2945 ipse
319 2903 364 2933 eam
377 2891 398 2933 in
412 2889 473 2935 uerbo
487 2889 588 2934 revelavit.
616 2889 641 2934 in
655 2890 693 2934 hao
706 2904 754 2935 vero
767 2890 855 2934 formula
