1827 3356
59 182 61 187 ’
74 167 100 208 14
317 165 367 202 Dom.
378 165 422 203 XIV
433 178 450 213 p.
462 165 557 203 Trinitatis.

75 287 137 338 catus,
152 281 187 324 sed
201 280 310 339 deseendit,
325 282 378 325 reiut
392 298 417 326 er
431 284 473 327 alta
487 282 588 339 dignitatis
602 283 654 340 sede,
669 284 723 327 reiut
733 298 743 326 e
753 286 811 328 ooeio

74 354 148 409 lapsus.
177 351 244 409 Quare
259 351 377 397 deseendit?
396 352 449 410 Quia
467 356 555 410 nescirit,
569 353 618 411 quid
632 352 724 399 saperet?
742 354 811 401 Aoum

75 417 129 480 Quia
143 428 224 468 ooaotus
238 428 261 469 ut
270 423 361 469 faceret?
374 425 441 469 Absit.
461 425 503 471 Sed
517 428 564 483 quia
573 427 648 484 piaouit
656 430 679 470 ut
688 427 717 470 sio
726 416 809 472 feneret.

59 496 165 552 ‘Cumque
190 496 290 541 uirtutum
308 502 328 539 et
352 496 477 540 obedientiae
501 499 601 541 exercitiis
619 499 678 540 altius
698 498 724 540 ad
742 498 814 541 Deum.

76 564 182 621 ascendere
190 567 257 626 nodet,
271 565 316 609 ideo
332 565 435 610 deseendit
448 570 468 610 et
481 568 503 611 in
516 568 605 613 tatrones
614 568 689 612 inuidit.
720 567 769 624 Quis
776 568 810 612 iiie

76 637 177 693 dignitatis
196 643 276 682 nostrae
295 636 414 693 praedator,
435 638 473 680 nisi
491 639 640 683 inobedientiae
654 652 723 682 suasor
741 644 761 682 et
774 627 814 682 imss
862 663 863 668 =

75 707 158 765 pulsor?
182 706 201 753 O
220 721 306 765 nequam
324 722 421 765 nequam,
440 708 475 752 ubi
490 714 520 752 est
533 713 591 754 tuum
609 707 747 768 nequaquam,
764 724 811 755 eooe

76 795 144 824 ornnes
158 780 259 825 morimur.
288 778 343 835 Quid
355 781 398 837 Jam
412 780 437 823 de
449 785 519 824 nostra
528 782 661 838 possibilitate
671 783 815 840 praesumtum,

76 851 186 910 vulnerata,
201 853 302 909 sauoiata,
317 856 398 908 vexata,
417 851 497 907 perdita
511 857 546 897 est.
573 853 700 898 Vestimento
715 854 767 897 enim
781 868 815 897 sa-¹

76 923 123 967 lutis
145 926 215 966 exutus
234 926 255 966 et
273 924 413 966 semimortuus
427 922 509 966 reiiotus
524 925 565 980 est,
585 922 672 981 denique
685 929 776 969 mortuus
791 927 816 968 et—

78 994 195 1051 oongeiatus
210 998 240 1038 est
254 993 280 1037 ad
293 993 369 1037 bonurn
382 995 437 1038 vivus
451 997 512 1050 atque
526 998 608 1050 rogetus
623 995 650 1039 ad
663 995 745 1052 malum,
759 1010 812 1040 mor·

76 1070 124 1110 tuus
145 1069 176 1109 est
190 1063 252 1109 homo
276 1065 365 1120 interior,
384 1065 434 1108 vivit
452 1070 472 1108 et
490 1064 561 1109 eifioax
580 1070 610 1110 est
629 1069 721 1111 exterior.
750 1066 817 1124 Spiri*

77 1137 142 1181 tualia
156 1137 209 1180 bona
222 1139 300 1193 penitus
319 1137 402 1193 amissa,
421 1137 522 1180 naturalia
542 1142 642 1192 oorrupta.
670 1137 746 1193 Ecquis
766 1153 816 1181 vero

79 1208 176 1251 vulnerati
195 1211 215 1251 θῖ
234 1205 329 1251 exanimis
347 1207 452 1249 miseretur
465 1205 566 1250 hominis?
588 1206 743 1251 immundioiern
760 1208 818 1252 hano-

79 1279 193 1322 'nteriorem
206 1277 343 1321 noradinum
357 1278 482 1334 aspersiones
496 1277 600 1335 Iudaicae,
614 1283 650 1322 aut
664 1278 741 1335 Typioa
754 1280 814 1323 saori·

78 1349 134 1407 fluia,
153 1349 198 1393 ideo
212 1348 286 1392 Levita
299 1350 407 1405 praeterit:
426 1349 471 1405 ipsa
487 1364 566 1406 quoque
585 1351 618 1393 lex
636 1350 703 1394 dimna
721 1350 818 1394 morbum,

78 1424 144 1479 potius
159 1421 240 1479 detegit,
255 1435 315 1478 quam
327 1422 383 1478 tegit,
398 1420 464 1478 potius
478 1421 599 1479 manifestat,
614 1436 675 1479 quarn
689 1425 752 1480 sanat,
766 1422 815 1466 ideo

78 1492 178 1537 Sacerdos
192 1493 294 1548 praeterit.
322 1491 548 1549 Lexmagisimperat,
563 1493 698 1548 quarumnam,
718 1508 754 1550 per
769 1507 813 1536 eam
852 1511 853 1515 ¹

78 1578 165 1620 namque
185 1564 263 1620 peooati
283 1564 370 1619 agnitio,
396 1562 442 1606 ideo
468 1564 522 1607 salus
542 1565 648 1607 miseretur
669 1562 818 1608 Samaritanus..

80 1634 131 1692 Quis
144 1636 178 1678 iile
192 1634 228 1693 sn,
242 1635 323 1691 ipsimet
336 1633 409 1677 iudaei
427 1633 531 1678 testificari
545 1638 650 1693 poterunt,
668 1634 761 1678 ridelioet
772 1634 814 1679 Do·

79 1708 145 1751 rnious
159 1710 226 1750 noster
237 1705 252 1750 J
257 1719 315 1750 esus
325 1704 464 1749 Christus?
477 1706 495 1749 is
505 1705 552 1750 lieet
566 1707 622 1763 virga
631 1706 656 1750 de
666 1705 734 1750 radice
743 1705 820 1751 dessae·
879 1716 881 1719 ·

81 1784 100 1821 θῖ
113 1780 145 1822 ieo
160 1778 184 1821 de
198 1777 253 1821 tribu
266 1777 329 1832 duda,
344 1782 412 1819 tamen
422 1776 571 1819 Samaritarum
585 1791 606 1819 se
621 1777 724 1832 appellare
737 1777 819 1820 maduit„

80 1847 155 1893 Faetus
174 1851 204 1892 est
222 1862 246 1892 ex
265 1847 340 1892 semine
359 1846 427 1891 David
450 1847 559 1891 secundum
572 1844 669 1904 'earnem
690 1846 818 1890 ethnicorum.

80 1920 174 1977 proprius
190 1924 221 1962 est
234 1917 343 1962 seeundum
358 1918 455 1975 spiritum,
475 1933 499 1962 ex
513 1918 597 1962 Judaeis
612 1917 721 1962 seeundum
736 1932 820 1962 earnem.
896 1953 898 1956 ,

80 1996 145 2048 natus,
156 1991 177 2035 in
189 1990 220 2034 his
234 2004 281 2034 roro
296 1988 386 2046 quotidie
399 1988 508 2033 seeundum
523 1989 622 2046 Spiritum
636 1990 731 2046 nascitur,
749 1991 820 2046 sioque·

81 2062 171 2119 Japheth
192 2062 273 2107 habitat
296 2061 316 2105 in
333 2060 467 2105 tabernaculis
487 2059 541 2106 Sem.
573 2052 656 2104 Positus
676 2063 705 2104 est
724 2059 821 2105 Christus.

81 2135 133 2190 iapis
148 2132 262 2177 offensionis
275 2132 297 2175 in
309 2130 364 2185 Sion,
380 2131 415 2174 sed
429 2134 501 2191 gentes
507 2131 546 2186 ipsi
555 2131 671 2174 adhaerent.
699 2131 741 2172 Hio
754 2131 820 2186 igitur·

82 2202 222 2248 Samaritanus
240 2201 354 2247 uulneribus
375 2201 465 2246 infundit
482 2205 547 2258 primo
566 2202 633 2245 vinnm
656 2201 821 2257 oompnnotionis

83 2274 156 2319 deinde
176 2275 241 2318 oleum
259 2273 360 2330 laetitiae,
374 2272 414 2317 hoo
427 2276 458 2316 est
472 2272 573 2318 eifioaoem
589 2271 675 2329 Spiritus
690 2271 710 2317 S.
730 2273 817 2316 oonsoIa-

83 2348 159 2392 tionem
173 2350 196 2391 ut
208 2346 238 2390 ita
252 2345 350 2390 Dominus
364 2344 472 2390 mortificet
486 2350 506 2389 θῖ
519 2344 613 2404 ῖίῖῖῖθθῖ,
628 2345 654 2389 ad
667 2343 768 2389 infernum
782 2344 821 2389 du»
887 2338 889 2342 ⁴

84 2423 118 2464 θεῖ
132 2423 151 2463 θῖ
163 2419 250 2463 redueat.
277 2418 336 2462 Haeo
349 2418 419 2461 salutis
433 2421 514 2461 nostrae
529 2419 562 2461 via
576 2420 617 2472 est,
636 2417 666 2460 sin
676 2414 746 2472 'magis
765 2431 823 2460 som--

83 2490 199 2549 pendiosam
214 2489 325 2535 desideras:
341 2488 473 2534 Christus.

387 2630 515 2637 --.---ι

284 2727 349 2772 Dum.
362 2724 416 2770 xlv
429 2724 481 2782 post
495 2724 622 2770 [trinitatis.

137 2845 217 2900 Nomen
231 2843 340 2888 Salvatoris
359 2844 422 2885 nostri
436 2841 512 2888 Christi
529 2840 627 2885 mirabile.
642 2838 753 2884 iiiirabilis
768 2840 825 2882 enirn

86 2921 116 2960 θεῖ
128 2917 149 2960 in
163 2930 254 2974 persona.
282 2915 331 2960 Tria
348 2914 449 2959 mirabilia
466 2912 619 2971 mirabilissima‚
640 2912 696 2957 Deus
716 2916 735 2955 et
753 2909 824 2970 homo,;
