1801 3306
361 1065 480 1120 Prologus,

109 1199 133 1244 Iu
152 1199 297 1257 perlustrandis
312 1197 413 1243 codicibus
430 1194 563 1242 (herhardinis
573 1208 586 1239 a
595 1190 791 1242 ducalibiblioihsoa

57 1271 151 1317 (iothana
173 1271 277 1316 asservatis
298 1269 319 1313 in
341 1283 403 1313 unum
430 1266 576 1324 autographum
598 1266 691 1314 incidisse
714 1266 790 1322 videor,

57 1342 112 1400 cujum
137 1344 278 1399 argumentum
303 1341 320 1386 si
343 1353 384 1385 non
403 1338 463 1397 plano
484 1337 608 1394 incognitum
633 1340 699 1382 tannen
724 1338 791 1395 quoad

57 1428 94 1471 ego
115 1415 155 1458 scio
177 1414 198 1457 in
219 1412 311 1458 notitiam
334 1411 431 1456 ecclesiae
449 1414 530 1459 nostrae
553 1409 677 1466 evangelicae
702 1409 792 1456 nondum

56 1485 174 1540 perveneris,

112 1555 240 1599 hirdmannus
252 1553 373 1610 RudoIphus
385 1553 471 1597 Fischer
482 1552 563 1617 quidem
575 1552 596 1595 in
607 1552 648 1596 vita
656 1550 792 1610 &erhardina

58 1641 110 1670 anno
125 1624 278 1670 MDOOXXH
296 1625 377 1683 Lipsiae
393 1623 474 1685 cditass),
489 1625 578 1670 omnium
591 1623 679 1669 Joannis
692 1622 794 1672 Gcrhardi

58 1698 176 1755 professoris
186 1697 207 1743 S.
218 1697 343 1742 Tdcnensis
361 1698 542 1755 manuscriptorum
557 1697 673 1741 recensione
688 1695 794 1741 defunctus

59 1770 141 1812 titulum
154 1769 214 1813 huius
229 1769 303 1813 codicis
318 1769 395 1813 formae
410 1769 536 1825 octipertitae
552 1769 705 1811 commemorat:
724 1765 796 1812 Homi-

59 1840 98 1883 liae
113 1854 148 1883 seu
158 1839 298 1883 meditationes
313 1838 382 1883 breves
396 1839 468 1883 diebus
482 1839 587 1883 dominicis
597 1842 659 1893 atque
672 1839 729 1883 festis
738 1852 795 1882 acco·

60 1910 160 1955 modatae.
220 1899 222 1902 Α

114 1980 244 2039 Quantopere
254 1981 371 2027 Gerhardus
380 1983 468 2027 animum
478 1982 505 2027 ad
514 1983 603 2026 sincerae
616 1982 696 2038 pietatis
706 1981 796 2027 studium

62 2057 82 2098 et
104 2053 220 2098 exercitium
237 2052 354 2110 intenderit,
379 2068 403 2099 cx
421 2053 494 2099 ceteris
513 2054 555 2110 eJ'us
572 2052 629 2097 libris
647 2054 758 2098 moralibus
775 2055 797 2099 in

62 2125 165 2183 pubiicum
178 2125 294 2181 saepissime
309 2125 368 2170 editis
382 2126 431 2170 satis
442 2128 540 2170 novimus.

116 2197 165 2239 Jain
184 2197 241 2239 initio
259 2198 306 2240 anni
319 2196 413 2242 MDOVI
425 2196 548 2252 (isenhardus,
570 2210 641 2241 nomen
658 2196 725 2241 adimo
746 2197 798 2241 inter

63 2266 187 2312 Academiae
205 2267 298 2313 tenensis
316 2269 370 2312 ciues
394 2268 506 2325 professus,
525 2262 697 2313 illum'libeilum:
712 2268 797 2314 Medita-

63 2340 128 2383 tiones
152 2339 226 2384 Sacrae
250 2340 277 2384 ad
304 2354 372 2384 ueram
392 2340 488 2397 pietatem
508 2340 634 2384 excitandam
660 2343 681 2384 et
698 2340 799 2385 interioris

63 2411 148 2456 hominis
171 2411 286 2469 profectum
308 2412 464 2468 promovendum
483 2411 599 2468 publicavit.
633 2410 697 2467 Apud
717 2411 801 2456 Fischer

65 2485 133 2526 autem
151 2482 242 2537 tegimus,
262 2481 391 2531 Gorhardum
408 2496 450 2525 non
463 2481 536 2525 codem
550 2495 590 2539 quo
604 2482 625 2526 in
637 2482 743 2539 publicum
755 2496 801 2539 pro·

66 2552 148 2597 diisscnt
157 2567 209 2597 anno
220 2553 299 2597 demum
314 2552 358 2597 illas
372 2552 512 2597 meditationes
526 2552 598 2597 litteris
614 2553 746 2609 consignasse,
766 2553 801 2598 sed

63 2624 106 2682 jam
120 2638 171 2668 anno
184 2623 283 2672 MDOIII
297 2639 364 2675 meme
377 2624 500 2682 Decembris,
520 2625 567 2682 quia
579 2628 622 2669 tum
641 2630 710 2670 auctor
723 2626 801 2683 juvenis

65 2697 214 2753 ingravescente
232 2710 255 2739 ac
274 2696 359 2741 durante
370 2696 440 2741 morbo
455 2697 507 2741 uitae
521 2711 569 2741 suae
582 2696 643 2741 finem
656 2698 732 2741 instare
745 2700 802 2742 ratus

120 2839 136 2888 *)
148 2840 179 2877 cfr.
192 2839 233 2876 Vita
244 2838 319 2877 Joennio
330 2840 416 2877 Gerhardi
433 2851 483 2886 qnam
495 2851 504 2876 e
515 2839 554 2876 fidis
561 2839 677 2876 monumentis
685 2841 708 2876 ad
715 2839 804 2876 illustran-

68 2898 108 2933 dam
119 2898 216 2935 Historiam
228 2899 363 2935 eccleciaotioam
374 2898 438 2934 direxit
448 2898 507 2934 nrum
519 2898 564 2935 nou.
576 2897 647 2935 Fischer
655 2910 684 2945 pp.
696 2897 744 2944 [rips.
755 2899 803 2939 1722.
