1801 3306
334 149 394 196 Dona.
405 149 432 187 XI
443 162 459 196 p.
471 149 565 187 Trinitatis.
793 153 816 193 11

80 269 165 325 ultione,
180 269 234 322 dolet
247 271 314 326 potius
325 284 370 313 cum
384 269 485 313 hominem
499 283 536 325 per
549 283 606 313 suam
614 271 713 313 iustitiam
723 269 818 312 damnare

83 337 148 395 debet,
166 344 248 397 propter
261 342 324 397 ipsius
336 339 459 400 iniuratitiam,
478 340 525 396 quia
539 339 634 384 nobiliter
648 344 727 385 creatus
742 344 762 383 ct
775 352 819 396 pre·

18 470 20 473 .
81 410 136 454 cicse
154 412 261 455 redemtus.
289 411 380 468 Ideoque
400 412 512 457 dissimulat
525 415 608 467 peccata
621 412 724 456 hominum
735 414 820 468 propter

83 482 234 540 poenitentiam,
249 495 315 538 neque
330 497 354 525 ex
368 483 428 527 corde
437 482 512 539 aflligit
521 482 619 525 homines
648 474 722 543 Verum
732 486 755 526 ut
764 481 820 525 beati

85 555 136 607 sunt,
156 543 241 608 quorum
255 568 326 596 causas
340 553 396 597 Deus
409 556 463 596 iurat
482 558 502 596 et
520 553 623 611 unrehdes„
636 554 671 609 qui
684 554 760 597 iuranti
774 553 820 596 Deo

81 638 126 667 uon
135 620 229 680 credunt,'
239 626 268 668 ita
282 624 337 668 beati
350 625 408 669 nimis
422 639 509 682 quorum
518 638 580 668 causa
588 624 679 669 Christus
692 625 820 682 lacrymatur,

85 694 121 738 sed
134 694 231 752 infelices,
252 695 287 752 qui
300 696 408 753 lachrymis
425 697 469 740 istis
487 710 528 740 non
546 698 656 751 mouentur,
677 695 724 752 quia
742 695 821 740 miseri·

85 766 155 824 cordia
174 770 194 810 et
214 767 245 811 ira
265 781 310 825 cum
330 769 379 824 ipsc.
412 757 506 813 Mirabile
525 767 614 811 iustitiae
633 770 653 811 et
671 766 822 812 misericordiae

86 841 272 894 temperamentum,
288 839 338 883 adeo
357 843 380 883 ut
397 840 432 896 qui
445 838 514 883 Deum
531 838 639 882 uoluerunt
653 841 771 893 cognoscere
785 852 821 894 per

85 907 188 965 beneficia,
208 909 296 954 sentiant
314 924 359 954 eum
377 925 414 967 per
432 909 537 967 supplicia.
567 909 677 954 Testaulur
690 908 739 953 illud
754 923 821 953 omnes

87 979 156 1033 mundi
169 979 275 1023 historiae:
290 983 377 1024 testatur
390 980 482 1024 interitus
493 980 593 1025 Sodomae
607 983 627 1023 et
641 980 667 1023 ad
679 980 822 1036 poenitentiam

88 1052 160 1094 inritat
166 1051 270 1108 spectabili
280 1052 404 1108 documento,
418 1066 478 1109 poma
488 1053 542 1096 enim
554 1051 584 1096 ibi
597 1057 645 1096 nata
657 1055 753 1096 contactu
767 1050 822 1094 fatis-

86 1125 140 1179 cunt.
169 1121 264 1166 Testatur
280 1122 301 1166 id
319 1129 438 1180 perpetuum
454 1123 580 1168 ludaeorum
597 1123 679 1167 exilium
697 1128 717 1166 a
735 1123 824 1178 grauiter

87 1194 158 1252 punita
167 1193 311 1240 eversaeunhis
324 1195 522 1251 coeptainstauratio.
551 1193 627 1241 (lhriuti
640 1194 702 1252 igitur
708 1193 823 1252 lachrymae

87 1266 191 1308 emolliant
202 1267 263 1308 corda
274 1270 349 1322 cosma,
365 1281 391 1309 ne
398 1280 448 1322 quos
456 1267 515 1322 culpa
520 1280 578 1322 pares
584 1268 665 1320 inuenit,
681 1266 823 1321 coniungantes

88 1336 148 1379 etiam
160 1336 181 1379 in
193 1350 264 1394 poena,
278 1337 316 1380 nisi
331 1336 436 1381 dissimiles
450 1351 486 1382 nos
498 1336 570 1381 reddat
578 1351 626 1382 uera
634 1337 762 1395 paenitentia,
773 1335 824 1381 haec

88 1407 160 1451 relicta
174 1410 204 1451 est
218 1407 305 1451 secunda
316 1407 417 1463 naufragii
430 1407 504 1453 tabula.
532 1408 590 1452 Haec
601 1413 679 1452 reserat
691 1409 738 1464 quia
752 1421 823 1464 pecca-

87 1482 131 1522 tum
143 1477 224 1523 claudit.
251 1477 310 1522 Haec
320 1478 404 1535 probata
413 1479 538 1535 peccantium
547 1479 631 1534 medela,
645 1479 672 1522 ad
681 1478 733 1522 hauc
742 1479 824 1522 inclinet

89 1562 124 1592 cor
137 1552 227 1592 nostrum
241 1547 347 1593 Dominus.

296 1857 360 1902 Doni.
374 1857 410 1902 XI
423 1858 475 1916 post
488 1857 615 1904 Trinitatis

145 1973 286 2020 Ascenderunt
299 1975 339 2019 duo
348 1975 438 2024 homines
447 1975 473 2020 ad
483 1976 585 2033 templum.
613 1974 755 2019 Asceudamus
766 1975 827 2019 etiam

91 2061 129 2091 nos
142 2047 168 2091 ad
182 2046 278 2104 templum
286 2046 327 2090 Dei
336 2053 438 2105 sanctum,
454 2047 521 2091 sedem
536 2050 556 2091 et
565 2047 659 2090 thronum
669 2046 709 2090 Dei
717 2047 739 2090 in
748 2045 828 2091 coelesti

91 2118 214 2164 Jerusalem.
247 2118 387 2163 Ascendamus
407 2121 476 2163 autem
496 2134 536 2164 non
555 2117 639 2175 pedihus
660 2120 771 2175 corporeis,
792 2119 828 2164 sed

93 2188 249 2235 meutisallcotu.
265 2189 404 2234 Ascendamus
411 2191 493 2246 inquam
500 2203 537 2247 per
544 2189 659 2233 orationem.
674 2187 729 2246 Quid
738 2189 829 2234 enimest

93 2263 158 2316 oratio
167 2261 206 2305 nisi
214 2261 287 2305 mentis
298 2261 324 2305 ad
331 2261 398 2304 Deum
408 2260 507 2305 elevatio?
523 2259 620 2317 Quamuis
628 2261 692 2305 altum
698 2262 724 2304 sit
731 2260 830 2305 coeluma

93 2335 154 2390 terra,
162 2331 536 2389 Deustamenauditllnguamhominis
544 2331 830 2388 quihahetpuramconsoien·

94 2404 149 2449 tiam.
165 2403 230 2460 Quale
240 2409 307 2448 autem
316 2402 412 2460 templum
420 2403 483 2447 imilla
490 2401 586 2448 ciuitate?
599 2402 698 2447 Dominus
704 2402 761 2447 Deus
768 2404 830 2447 omni·
878 2446 879 2449 ,

94 2477 166 2533 potens
175 2478 195 2519 et
201 2490 271 2532 agnus.
290 2474 364 2519 (loram
371 2489 394 2518 eo
403 2475 511 2530 igiturnon
519 2489 668 2531 compareamus
675 2475 733 2519 vacui
739 2473 774 2518 sed
782 2473 830 2518 affe-

95 2560 164 2589 ramus
175 2547 369 2602 aliquiddeuostris.
397 2545 452 2602 Quid
458 2550 548 2588 nostrum
556 2550 639 2601 propter
645 2543 743 2600 peccata?
757 2543 831 2589 Cetera

96 2616 137 2661 Dei
149 2620 200 2673 eunt,
215 2631 227 2660 a
240 2616 285 2661 Deo
300 2618 320 2662 et
333 2615 361 2661 ad
369 2615 437 2660 Deum
450 2615 485 2673 qui
502 2630 538 2659 sua
548 2614 602 2660 dona
611 2620 699 2671 coronat,
712 2629 752 2660 non
762 2619 831 2660 nostra

96 2689 175 2733 merita.
203 2688 290 2733 Peccata
308 2690 369 2745 igitur
390 2701 442 2744 quae
460 2692 528 2731 nostra
549 2683 596 2732 sunt
612 2689 735 2745 aperiamus,
753 2692 776 2731 ut
789 2689 831 2745 ipse

35 2767 36 2770 ’
97 2761 182 2819 operiat,
204 2759 326 2817 detegamus,
347 2761 425 2818 utipse
439 2764 498 2816 tegat.
525 2757 599 2816 Neque
618 2773 666 2804 uero
683 2758 832 2804 ininfirmitate

97 2836 167 2885 mostra
186 2844 302 2888 comparere
323 2845 448 2885 vereamur„
469 2829 566 2873 Excelsus
587 2831 640 2873 euim
660 2829 718 2873 Deus
739 2832 776 2886 est,
796 2829 833 2874 scd

97 2902 182 2947 humiles
196 2904 283 2957 ammae,
292 2905 372 2946 nostrae
390 2902 452 2958 ipsius
471 2900 535 2944 sedes.
563 2891 650 2958 Quando
663 2901 833 2957 igitur'aegrotus

491 3106 523 3152 (ἐκ
