1827 3356
93 151 118 193 10
355 149 406 188 Dom.
417 151 434 188 X
445 163 462 198 p.
473 150 568 187 Trinitatis.

90 268 136 314 aliis
151 268 319 326 praecentorem
333 269 456 326 denegatio?
475 269 549 327 Magna
563 285 632 314 eorum
644 270 707 325 lucra,
722 270 768 313 ideo
781 272 826 313 illas

90 339 157 383 honae
174 340 315 395 negotiationis
332 354 408 384 merces
426 341 515 396 quotidie
533 341 641 385 inieramus
658 341 679 383 in
696 341 827 383 armariolum

93 410 230 455 conscientiae.
260 409 324 455 Panis
344 425 403 467 quem
423 413 479 457 tenes
500 411 587 457 famelici
608 414 650 467 est,
671 410 740 454 tonica
767 426 827 468 qnam

94 495 161 530 serras
179 482 237 527 nudi:
256 481 364 539 indigentis
381 496 454 541 aurum
468 483 522 539 qnod
541 483 630 540 possides
649 483 760 527 humatum.
788 483 828 526 iila

93 553 180 609 pecunia
193 557 285 597 seruatur
302 553 386 609 quaein
401 567 461 610 manu
475 547 570 611 pauperis
583 554 699 599 collocatur.
726 553 787 597 Illam
807 553 828 597 in

94 624 177 680 expensi
186 624 266 669 tabulas
276 628 331 669 recte
341 624 446 669 referimus
459 629 480 669 et
491 625 518 669 ad
527 625 626 670 iudicium
635 623 743 670 atterimus.
771 624 829 669 Haec

94 696 186 752 scientes,
207 695 262 741 beati
280 695 297 739 si
314 694 426 740 fecerimus.
454 695 569 741 Reddenda
582 698 635 741 enim
655 697 707 741 ratio
725 698 746 740 in
764 700 829 740 morte

95 766 175 811 scilicet
190 770 214 811 et
233 767 308 812 iudicio
328 766 363 810 sed
381 767 500 823 praesertim
514 768 535 811 in
552 768 635 813 iudicio.
659 769 781 827 Aperiantur
800 769 830 812 ibi

94 837 149 882 libri.
172 838 291 895 Mysterium
304 839 342 882 hoc
357 841 391 894 est,
411 838 458 894 quia
477 838 498 881 in
512 838 637 897 Apocalypsi
654 844 685 884 tot
698 839 830 885 Sacramenta

96 912 146 965 quot
158 909 226 954 verba.
254 910 365 966 Aperietur
376 911 462 966 primurn
474 909 527 952 liber
541 910 601 954 ritae.
630 909 680 968 Quis
688 911 722 955 ille
730 910 770 955 nisi
779 909 831 955 liber

41 974 42 981 ¹
96 981 215 1038 vitaeagni,
233 982 267 1037 qui
283 980 359 1024 occisus
380 981 406 1024 ab
424 981 501 1036 origine
519 980 595 1024 mundi.
623 981 701 1026 Beatus
720 983 755 1038 qui
772 983 830 1024 ineo

68 1107 69 1110 Ἰ
97 1052 183 1108 scriptus
205 1052 324 1107 invenietur,
345 1054 436 1107 stagnum
455 1051 507 1106 ignis
528 1065 567 1095 non
589 1051 680 1108 attinget.
708 1051 832 1109 Aperiantur

97 1123 159 1167 etiam
172 1123 219 1166 libri
232 1122 399 1167 conscientiarum
413 1122 579 1178 secundumquos
592 1123 738 1167 iudicabuntur
752 1124 831 1180 mortui,

97 1193 119 1237 id
133 1198 164 1238 cst
177 1207 246 1238 eorum
258 1207 321 1251 opera
334 1192 428 1250 ipsorum.
456 1192 508 1238 Illae
517 1193 573 1252 ipsae
583 1209 619 1238 sua
628 1194 697 1238 debita
706 1198 727 1238 et
735 1196 832 1253 pessimae

98 1264 275 1310 administrationis
292 1280 387 1323 expensas
406 1269 529 1322 exproment.
557 1265 597 1310 Oui
609 1266 696 1310 multum
714 1266 790 1321 datum,
807 1266 832 1309 de

97 1338 165 1380 multis
177 1337 276 1380 rationem
287 1335 364 1380 reddet.
392 1334 433 1392 Qui
443 1339 536 1394 oupertus
545 1335 638 1381 donantis
647 1336 730 1381 Domini
738 1351 833 1393 magnam

97 1407 262 1466 misericordiam,
286 1409 358 1452 sentiet
373 1407 480 1453 iudicantis
503 1422 592 1452 severam
612 1408 716 1453 iustitiam.
751 1407 832 1465 Quanto

98 1479 176 1523 maiora
189 1478 292 1536 beneficia,
311 1482 369 1523 tanto
382 1479 459 1523 maiora
473 1479 555 1523 iudicia.
582 1479 635 1524 Boni
650 1483 718 1524 autem
732 1468 833 1537 dispensa-

98 1553 153 1594 tores
174 1550 250 1606 gratiae
269 1549 309 1593 Dei
330 1554 351 1593 et
369 1551 422 1593 servi
440 1565 499 1606 super
517 1564 584 1606 pauca
601 1550 670 1594 fideles
689 1549 794 1594 intrabunt
813 1551 834 1593 in

100 1620 184 1676 gloriam
196 1620 280 1664 Domini
295 1620 330 1664 sni.

316 1929 380 1974 Item.
394 1927 417 1973 X
430 1927 481 1984 post
494 1927 622 1972 Trinitatis.

111 2056 112 2059 ¹
154 2034 179 2078 In
188 2033 267 2079 Ohristc
275 2032 402 2092 Solymarum
411 2032 514 2078 interitum
524 2048 569 2077 oum
578 2033 683 2090 lachrymis
692 2035 837 2090 pronunciante

103 2106 152 2163 quid
165 2108 221 2163 prius
235 2105 357 2161 mirabimur,
372 2120 397 2148 an
412 2105 525 2148 miserantis
538 2104 656 2160 bonitatem,
667 2119 693 2148 an
701 2104 837 2161 praedicentis

103 2178 214 2234 veritatem,
236 2191 262 2220 an
275 2177 375 2233 punientis
397 2174 539 2219 seueritatem?
562 2175 616 2221 Vere
638 2175 692 2218 enim
711 2176 745 2218 hio
764 2178 839 2232 magna

103 2247 247 2293 misericordia.
275 2246 330 2294 Vere
345 2247 367 2290 in
380 2245 477 2291 altissimo
492 2250 512 2290 et
526 2246 653 2290 securissimo
667 2246 761 2290 bonitatis
771 2250 838 2291 monte

103 2320 155 2364 latet
166 2319 217 2376 lons,
228 2319 281 2363 unde
291 2321 360 2363 manat
369 2317 440 2361 {iuvius
450 2317 484 2361 ille
492 2316 640 2374 lachrymarum
651 2320 671 2361 et
681 2317 838 2364 misericordiae.

103 2390 229 2447 Lachrymae
240 2390 292 2434 enim
302 2389 375 2445 doloris
385 2388 447 2445 legati
461 2393 482 2431 et
492 2389 545 2433 anxii
558 2388 623 2432 cordis
637 2389 715 2433 nuncii:
730 2389 759 2433 ihi
773 2390 839 2434 cordis

100 2462 225 2519 compressio
244 2465 264 2506 et
281 2461 356 2505 mentis
371 2460 487 2518 compassio.
515 2459 573 2504 Haec
586 2459 649 2516 igitur
662 2460 702 2503 sint
713 2462 840 2517 peccantium

104 2538 182 2592 portus.
210 2532 317 2589 Quomodo
330 2532 383 2576 enim
397 2547 442 2576 cum
455 2531 562 2588 lachrymis
577 2536 596 2575 et
610 2531 676 2575 cordis
688 2533 840 2588 compunctione

104 2606 166 2648 adse
186 2604 286 2648 venientes
304 2603 416 2658 repelleret,
438 2603 543 2657 cumipse
561 2604 644 2658 propter
662 2614 702 2658 eos,
720 2601 755 2659 qui
772 2601 841 2645 senne
883 2613 885 2615 ’

105 2674 218 2727 noluerunt,
230 2673 342 2732 lachrymas
354 2671 458 2718 effundat?
472 2673 532 2718 illam
545 2671 610 2729 ipsam
620 2687 705 2729 poenam
715 2687 775 2730 quam
785 2677 841 2718 certo

106 2750 219 2791 secuturam
232 2749 321 2801 noverat,
336 2744 438 2802 praedicit,
452 2745 498 2789 illos
512 2745 566 2801 ipsos
576 2758 627 2801 qnos
636 2744 789 2801 impoenitentes
798 2743 841 2789 fore

103 2817 240 2877 praeviderat,
262 2819 288 2863 ad
309 2816 453 2875 poenitentiam
466 2816 566 2870 hortator,
587 2815 649 2871 idque
669 2830 714 2859 enm
726 2815 841 2871 lachrymis,

107 2890 154 2944 quia
163 2903 202 2932 non
214 2887 337 2945 concupiscit
345 2901 429 2945 poenam
439 2901 518 2931 reorum
527 2886 718 2943 tauquamsaturari
727 2884 842 2930 desiderans
