1801 3306
207 113 261 174 ‘Festo
273 130 384 183 Epiphanius
405 137 456 172 Dom¹
469 136 488 173 Π
499 143 517 182 pi
525 117 639 183 Epiphanius.
769 138 794 181 3¹9

179 319 180 322 ’
221 334 223 336 ·
315 314 382 360 Festo
395 314 560 373 Epiphanius..
598 339 600 341 v

284 397 408 441 (10011010
426 400 569 454 primitiae.

82 482 85 498 ⁵
101 481 192 552 'Dilatet
214 492 271 538 Deus
294 491 387 552 iapheth
410 495 430 538 01
448 491 528 550 habitet
545 492 566 537 in
591 492 726 554 tabernaculis
740 491 795 540 Sem.

61 567 113 613 [ion.
121 566 163 626 IX,
172 569 203 611 al.
231 566 290 610 Haec
305 565 330 609 de
346 566 434 622 gentium
444 566 554 618 vocatione,
568 565 715 623 earundemque
725 567 747 610 in
757 564 797 610 Dei

61 637 158 695 populum
172 637 311 694 cooptatione,
331 635 432 681 benedicti
445 636 508 694 patris
522 636 584 681 Noab
597 637 708 693 prophetia.
736 637 795 682 Unde

62 709 160 765 primitias
178 708 237 750 huius
258 708 370 766 vocationis
389 708 459 763 Magos
479 721 505 749 00.
526 722 550 749 ex
569 707 658 763 Oriente,
677 709 702 750 ad
721 708 796 756 Christi

62 778 123 822 cunas
138 777 197 822 stella
212 776 300 820 deduxit.
329 775 384 833 Quid
400 776 442 821 ’1011
460 777 495 821 illa
514 778 572 821 stella
589 777 632 839 0101
646 778 730 821 mirifica
747 777 796 823 coeli
826 807 828 810 -

62 850 131 908 lingua
149 864 200 907 quae
221 853 322 894 enarraret
334 849 375 894 Dei
392 848 491 907 gloriam?
519 849 551 894 Ea
564 853 632 894 tamen
645 848 726 894 (lhristo
740 841 797 907 prae·

62 922 110 967 buit
120 922 246 979 obsequium,
258 927 305 965 'non
319 922 432 979 imperium.
460 919 508 966 Non
522 923 574 965 enim
588 925 695 980 propterea
705 920 796 967 Christus

63 986 170 1049 natusest,
185 995 232 1051 quia
246 993 305 1037 stella
319 994 406 1048 exstitit,
425 993 510 1046 sedilia
527 997 634 1048 propterea
649 993 731 1051 exstitit,
751 995 798 1049 quia

15 1070 16 1073 ’
64 1063 159 1116 Christus
178 1066 235 1108 natus
255 1067 290 1108 001.
319 1058 386 1121 Quam
404 1064 466 1121 igitur
484 1063 585 1108 mirabilia
603 1063 645 1107 Dei
661 1063 747 1108 iudicia:
767 1067 797 1108 ta-

64 1131 153 1180 centibus
164 1136 189 1179 de
199 1134 280 1180 01111010
291 1136 410 1191 hominibus,
425 1137 504 1180 coelum
517 1137 542 1180 de
558 1139 587 1180 eo*
595 1136 729 1181 concionatur.
758 1136 799 1193 1101

63 1208 135 1264 procul
149 1210 206 1250 erant
220 1207 286 1249 dissiti
296 1206 399 1250 Christum
413 1210 534 1263 sequuntur,
548 1209 602 1249 inter
617 1221 667 1263 quos
681 1210 741 1250 natus
756 1210 799 1250 erat

64 1292 109 1322 eum
123 1268 278 1335 persequuntur,
292 1276 347 1334 fugit
357 1277 384 1321 ad
397 1275 499 1321 Christum
513 1276 603 1334 gentium
618 1278 686 1335 copia,
705 1276 764 1335 fugat
779 1281 799 1322 et

59 1349 143 1406 'repellit
161 1364 207 1393 eum
220 1348 344 1392 Iudaeorum
358 1349 458 1392 uiolentia.
490 1347 573 1405 eraeris
586 1349 686 1405 quomodo
701 1349 799 1393 cistella

62 1417 133 1465 natum
154 1420 248 1465 Messium
271 1418 414 1476 cognoverint?
442 1419 544 1478 Proiecto,
569 1421 605 1477 qui
620 1420 690 1477 Meges
709 1421 798 1477 adduxit,

64 1492 106 1547 ipse
116 1494 137 1533 01
142 1489 230 1547 instruit,
242 1491 278 1546 qui
289 1489 327 1546 'per
343 1491 423 1533 stellam
432 1490 480 1533 10110
490 1491 558 1547 movit,
568 1491 611 1547 ipse
621 1492 728 1534 inocculto
738 1491 799 1534 corda

66 1562 151 1618 edocuit.
180 1560 244 1605 Stella
257 1562 319 1617 igitur
334 1561 384 1605 duce
393 1556 496 1621 uenerunt,
511 1576 547 1606 nec
562 1576 630 1606 coram
639 1561 728 1606 Domino
740 1562 799 1606 uacui

65 1635 163 1690 apparere
176 1632 287 1677 volucrunt.
315 1633 370 1676 Dum
391 1632 444 1676 enim
457 1632 525 1676 colunt
537 1647 605 1690 unum,
625 1633 732 1678 meminere
746 1633 799 1678 trino

65 1703 167 1748 11001010
180 1706 244 1760 terna,
260 1706 325 1760 atque
334 1703 363 1747 sic
374 1704 395 1747 10
408 1703 474 1747 tribus
492 1704 609 1762 muneribus
623 1704 693 1748 diviua
705 1703 799 1761 Trinitas,

66 1776 87 1819 in
101 1775 145 1818 auri
154 1789 237 1818 munere
251 1774 306 1830 regia
320 1774 414 1830 dignitas,
428 1776 449 1818 in
462 1775 527 1819 1110110
537 1789 610 1832 vapore
620 1775 687 1820 diuina
699 1776 799 1831 maiestas,

67 1848 89 1890 in
101 1845 193 1902 myrrhae
208 1845 273 1901 specie
287 1833 403 1902 sepelienda
414 1845 564 1890 monstrabatur
573 1846 692 1891 humanitas.
721 1846 799 1891 Offera-

67 1908 112 1961 mus
130 1920 150 1960 ct
168 1931 205 1961 nos
224 1917 245 1960 in
263 1931 312 1961 auro
331 1916 434 1961 doctrinae
452 1916 572 1973 puritatem,
590 1917 739 1962 mundanorum
753 1934 799 1963 oon-

68 1990 152 2033 temtum
167 1990 187 2032 et
200 2002 249 2044 erga
262 2002 358 2045 pauperes
367 1986 516 2044 liberalitatem,
530 1988 551 2031 10
564 1986 624 2031 thure
638 1988 742 2033 ardentem
753 2003 799 2046 pre-

67 2059 172 2116 cationem,
187 2058 208 2103 iu
221 2059 314 2118 myrrhae
328 2060 393 2117 specie
408 2057 524 2103 afflictionis
538 2059 682 2106 tolerantiam,

188 2391 190 2397 .
234 2395 235 2398 ,
274 2353 337 2399 olm.
351 2352 377 2398 rr
390 2316 610 2412 postumianos}

306 2437 429 2481 (11110100
448 2452 564 2494 sponsus.

121 2532 255 2590 Desponsabo
274 2536 294 2577 te
312 2532 362 2577 mihi
375 2532 396 2576 in
410 2533 558 2591 sempiternum,
578 2531 704 2592 desponsabo
720 2538 740 2580 te
754 2536 803 2581 mihi

67 2604 151 2659 inquam
166 2604 188 2646 in
205 2603 281 2646 iustitia
299 2607 320 2646 01
337 2603 412 2646 indicio
426 2608 447 2645 01
460 2604 601 2648 misericordia
610 2610 631 2649 01
639 2606 802 2651 miserationibus

70 2678 90 2718 et
110 2673 225 2729 deponsabo
244 2677 264 2717 10
283 2675 332 2717 mibi
350 2674 371 2716 in
389 2673 428 2716 fide
447 2679 467 2716 et
487 2688 595 2730 cognosces
614 2676 715 2721 iehoram.
744 2677 802 2722 Haec

71 2749 101 2789 est
115 2744 230 2789 dulcissima
250 2759 288 2788 uox
309 2745 376 2803 sponsi
396 2746 469 2801 rostri,
493 2746 529 2801 qui
548 2749 688 2804 praesentibus
707 2749 803 2794 interesse

71 2817 147 2874 nuptiis
161 2816 252 2873 dignatis
267 2819 297 2860 001
302 2852 307 2874 ,
326 2831 366 2860 non
380 2816 443 2861 solum
457 2820 480 2860 ut
493 2819 664 2863 matrimonialem
679 2823 753 2864 statum
767 2835 804 2866 sua

68 2889 183 2943 praesentia
197 2886 328 2945 approbaret,
348 2888 383 2933 sed
402 2888 463 2932 etiam
478 2889 525 2944 quia
538 2885 565 2934 ad
577 2892 659 2947 nuptias
673 2893 694 2935 in
706 2893 804 2937 mundum
