1827 3356
87 149 112 190 ie
326 127 578 194 mamistanensem

88 277 133 307 cum
147 261 227 308 omnino
240 262 326 308 uerbum
340 270 380 308 est:
400 264 522 321 Quomodo?
548 265 603 310 Ecce
617 264 701 321 gradum
721 268 822 324 quintum3

88 350 148 393 quein
161 340 270 392 sequuntur
289 336 399 381 divinomm
419 351 502 393 operum
520 340 646 382 annunciatio
662 343 682 382 et
695 344 753 393 grata
766 339 823 383 boni

88 410 134 451 tatis
154 408 231 451 divinae
249 408 384 465 praedicatiop
404 413 496 452 aeternae
516 408 596 453 demum
613 410 665 453 ritae
683 408 823 455 haereditatio.

89 477 236 536 Solonemque
252 479 347 523 iustificat
364 478 425 535 fides,
446 480 502 536 qnod
521 486 591 525 contre
609 480 721 525 Tridentini
739 481 825 527 Consilii

89 552 185 594 sessiones
206 551 317 594 docuerunt
335 554 355 593 et
378 550 511 593 defenderunt
533 550 624 596 [llriistue
646 556 665 594 et
685 551 824 610 Patriarcliae,

89 619 204 677 Prophetae
227 627 247 665 et
264 619 368 677 Apostoli,
386 619 491 663 Ecclesiae
510 622 623 678 primitivae
641 623 724 680 Patres,
743 627 824 667 nostrae

90 690 188 749 doctores,
204 692 305 737 docebunt
317 691 372 735 idem
386 696 405 735 et
419 690 527 735 defendent
541 706 609 736 cinnes
624 693 687 742 electi

288 985 352 1032 Doni.
366 985 437 1032 XXII
449 987 501 1045 post
512 986 643 1045 Trinitatis.

147 1104 275 1150 Offerebatur
288 1103 375 1148 Domino
390 1119 457 1148 servus
477 1107 511 1162 qui
530 1106 617 1150 debebat
635 1107 705 1150 elecem
722 1108 785 1151 millia
799 1113 828 1151 ta·

93 1179 197 1221 lentorum,
211 1176 287 1230 Magna
295 1177 373 1217 omnino
382 1181 451 1217 nostra
463 1176 537 1232 debita,
550 1178 597 1231 quia
608 1190 682 1231 magna
688 1177 728 1219 Dei
737 1190 785 1232 erga
791 1190 828 1219 nos

93 1245 195 1290 beneficia.
214 1245 325 1289 Peccainus
337 1243 398 1302 11111,
408 1259 514 1301 peccamus
528 1245 596 1303 verbo,
611 1261 717 1304 peccamus
733 1249 827 1305 cogitatu

94 1317 224 1375 Cogitationis
237 1315 318 1375 quidem
326 1331 412 1374 paenam
423 1333 481 1361 nemo
489 1320 565 1375 patitur
579 1335 604 1362 er
612 1319 686 1363 Edicto
700 1319 792 1376 imperat
807 1320 834 1363 in

93 1390 180 1433 liumano
194 1390 237 1432 iure
252 1389 329 1432 scilicet
342 1388 385 1444 soli,
400 1389 436 1432 sed
450 1389 504 1432 aliud
519 1395 548 1432 est
562 1390 592 1432 ius
606 1391 654 1447 poli.
670 1390 771 1435 Peccata
785 1395 830 1433 sunt

94 1460 243 1517 commissionis,
263 1463 308 1502 sunt
323 1459 384 1503 etiam
397 1465 481 1516 peccata
495 1462 611 1505 omissionis.
640 1460 689 1506 Non
702 1460 776 1505 sufficit
795 1460 829 1505 ab·

94 1533 167 1575 1111111
182 1532 267 1588 amalo,
282 1530 374 1587 11111111,
390 1531 444 1587 quod
457 1530 533 1574 bonum
547 1537 582 1575 est.
609 1532 687 1575 Facere
702 1532 775 1575 dicitur
788 1547 830 1576 ma-

94 1604 141 1661 lurn,
157 1604 190 1659 qui
201 1617 246 1646 1111
254 1601 330 1647 bonum
338 1600 406 1646 lacere
415 1603 514 1660 potuerit,
529 1604 636 1660 praeterit;
650 1603 736 1660 ideoque
751 1605 768 1647 si
781 1619 830 1660 pan-

94 1690 163 1731 perem
177 1689 217 1717 non
230 1675 308 1731 pavisti,
323 1674 419 1717 cecidisti.
447 1674 510 1717 Paria
524 1679 569 1717 sunt
583 1675 670 1731 aliquem
684 1674 782 1731 occidere,
800 1676 832 1718 rel

96 1747 115 1789 ei
129 1746 223 1788 alimenta
237 1745 341 1800 denegare.
369 1744 458 1800 Peccata
473 1749 518 1787 sunt
535 1759 576 1787 non
595 1745 659 1788 solnm
677 1745 774 1802 actualia,
796 1745 832 1789 sed

96 1816 150 1860 aliud
169 1815 234 1859 adhuc
253 1816 359 1872 originale,
379 1816 432 1858 unde
450 1817 577 1873 inpeccatis
596 1817 706 1874 nascimur,
725 1821 748 1860 11
765 1817 831 1874 potins

95 1893 185 1945 peccata.
213 1886 260 1932 Non
275 1887 329 1946 quod
342 1892 451 1944 peceatum
465 1888 491 1932 sit
508 1893 577 1932 nostra
591 1887 712 1946 substantia,
731 1888 767 1933 sed
786 1890 833 1945 quia

68 1978 75 1992 ι
95 1961 163 2004 totalis
184 1959 306 2004 substantiae
324 1965 405 2002 nostrae
420 1960 527 2016 corruptio.
556 1959 613 2004 Sicut
625 1960 727 2003 modicum
740 1960 833 2003 fermenti

96 2036 160 2075 totam
179 2031 348 2087 conspersionem,
363 2045 435 2087 parum
453 2031 505 2074 aceti
519 2036 583 2073 totum
597 2032 684 2087 preciosi
697 2032 738 2074 uini
752 2031 832 2088 dolium,

48 2137 49 2141 ,
97 2103 166 2145 unicus
176 2107 236 2158 peste
250 2101 335 2145 iniectus
349 2106 413 2144 totam
430 2101 531 2144 interdum
550 2102 651 2144 ciuitatem
669 2103 788 2158 corrumpit,
804 2103 834 2145 ita

98 2178 204 2229 peccatum
217 2171 252 2214 ulii
265 2174 286 2214 in
299 2185 361 2214 unum
374 2172 457 2214 incurrit
466 2170 569 2214 Ademum
581 2176 645 2215 totam
658 2171 742 2215 humani
756 2174 833 2228 generis

98 2242 204 2300 Notitiam,
219 2256 270 2299 quae
284 2244 305 2285 in
318 2256 358 2285 uno
372 2242 406 2285 illo
422 2247 465 2285 erat
478 2241 619 2285 miserabiliter
632 2241 711 2299 iniecit,
731 2247 790 2299 atque
810 2258 835 2286 11

99 2328 123 2357 eo
137 2316 158 2357 in
172 2314 216 2358 sinu
229 2319 297 2358 nostro
312 2314 448 2357 caecissimum
457 2312 547 2357 fouemus
562 2328 653 2369 anguem¹
680 2313 706 2357 In
719 2314 758 2357 liac
772 2314 835 2359 debiti

99 2386 163 2430 nostri
176 2385 313 2442 magnitudine
327 2400 352 2429 ire
367 2386 427 2429 simus
442 2386 513 2442 securi,
529 2386 576 2442 quia
585 2390 727 2443 provocatores
737 2385 763 2430 ad
772 2386 834 2429 tribu-

99 2458 133 2500 nal
152 2457 229 2501 diuinae
248 2458 335 2502 iustitiae
353 2471 393 2501 non
412 2458 477 2500 sinent
494 2471 530 2500 nos
550 2470 593 2500 esse
607 2470 693 2501 securos.
727 2456 836 2513 Compellit

99 2531 186 2585 primum
206 2529 232 2572 ad
251 2529 340 2571 diuinum
361 2529 458 2572 iudicium
476 2528 526 2583 legis
546 2528 638 2584 scicntia,
662 2528 683 2570 in
701 2542 726 2571 ea
748 2542 835 2585 namque

100 2601 196 2642 1111111111
220 2599 332 2643 diuinarum
354 2599 444 2641 relucent
462 2598 524 2655 radii,
548 2602 574 2659 ‘et
595 2599 662 2654 imago
682 2599 784 2655 exsculpta
807 2603 837 2641 est

101 2672 232 2715 exactissima.
264 2670 309 2714 Len
327 2670 389 2713 instar
410 2670 486 2726 speculi
506 2667 623 2713 lucidissimi
651 2684 729 2713 ornnem
753 2670 837 2713 immun-

102 2741 170 2785 ditiem
188 2747 277 2786 nostram
296 2741 405 2785 clarissime
424 2741 515 2784 ostendit.
544 2740 654 2783 Peccatum
672 2741 740 2797 itaque
755 2754 837 2795 cognos-

102 2812 163 2855 cimus
182 2826 219 2869 per
232 2811 315 2868 Legem.
349 2809 456 2868 Compellit
470 2816 539 2855 nostra
553 2812 684 2855 conscientia:
706 2810 765 2854 Haec
785 2811 838 2853 enim

103 2882 166 2925 codex
186 2884 208 2927 in
226 2897 265 2941 quo
284 2886 368 2942 peccata
391 2887 460 2927 nostra
483 2880 572 2939 quotidie
591 2882 749 2927 conscribuntur.
778 2880 837 2926 Haec
